3292 5275
857 485 1013 573 :332

856 647 969 706 tus
1026 628 1563 725 significationes
1646 633 1872 708 eidem
1929 627 2328 708 decernere.
2387 629 2578 710 Inter
2635 657 2756 709 eos
2813 659 2970 709 rne-

852 757 1076 826 moria
1133 765 1447 847 repetere
1504 755 1802 827 sufficiat
1859 751 2442 827 praedecessores
2497 752 2791 828 Nostros
2875 761 2971 828 l'e-

852 875 1004 947 licis
1061 874 1560 951 reeordationis
1599 871 1880 950 Xistum
1923 871 2044 960 lv,
2091 877 2212 968 qui
2272 877 2524 948 festum
2579 873 2654 947 S.
2700 873 2969 970 losephi

850 992 1065 1068 inseri
1122 995 1345 1066 voluit
1404 998 1476 1066 in
1530 991 1897 1069 Breviario
1956 1008 2026 1066 et
2081 991 2341 1066 Missali
2401 991 2743 1079 Romano,
2801 995 2972 1068 Gre-

854 1117 1123 1205 gotium
1160 1112 1311 1198 XV,
1351 1117 1467 1208 qui
1508 1117 1790 1187 decreto
1821 1115 1960 1187 diei
1993 1111 2177 1185 vlu.
2209 1113 2376 1188 Maii
2417 1111 2550 1186 An.
2585 1112 2967 1190 MDcxxt.

851 1237 1103 1308 festum
1144 1237 1371 1328 ipsum
1412 1237 1539 1306 sub
1576 1235 1825 1329 duplici
1867 1248 2238 1334 praecepto
2278 1238 2351 1306 in
2406 1238 2742 1312 universo
2799 1238 2969 1309 orbe

852 1359 1065 1428 recoli
1122 1357 1517 1442 mandavit3
1572 1338 2010 1428 Clementem
2049 1351 2140 1438 X,
2182 1355 2298 1449 qui
2349 1355 2458 1428 die
2497 1352 2616 1427 Vl.
2679 1353 2970 1430 Decem-

852 1479 997 1550 bris
1053 1471 1190 1549 An.
1252 1472 1664 1550 MDCLXX.
1725 1478 1952 1550 eidem
2009 1477 2187 1550 festo
2245 1478 2451 1548 ritum
2509 1478 2804 1571 duplicis
2859 1501 2974 1551 se·-

854 1597 1127 1670 eundae
1180 1599 1420 1670 elassis
1468 1599 1847 1685 concessit3
1884 1593 2325 1670 Clementem
2364 1593 2487 1681 xl,
2527 1597 2647 1691 qui
2685 1599 2972 1671 decreto

852 1719 991 1791 diei
1050 1713 1164 1788 lV.
1222 1715 1591 1790 Februarii
1649 1711 1788 1791 An.
1849 1711 2292 1793 Muccxtv.
2356 1720 2616 1790 festum
2694 1719 2976 1810 praedi-

851 1851 1045 1912 ctum
1100 1836 1311 1911 Missa
1348 1860 1431 1912 ac
1470 1833 1710 1910 Officio
1767 1836 2032 1932 integre
2089 1839 2392 1930 propriis
2449 1839 2974 1930 condecoravi13

850 1983 932 2032 ae
988 1961 1262 2032 taudem
1316 1954 1770 2031 Benedictum
1811 1955 2002 2042 Xul,
2059 1958 2180 2053 qui
2239 1980 2496 2031 nomen
2553 1955 2796 2033 Sancti
2838 1959 2978 2032 Pa-

852 2079 1193 2152 triarchae
1247 2080 1529 2155 decreto
1612 2079 1804 2150 edito
1885 2079 2000 2150 die
2086 2074 2274 2150 XIX.
2359 2075 2764 2153 Decembris
2829 2081 2968 2152 An.

847 2193 1354 2272 MDCCxxvl.
1418 2196 1836 2270 Sanctorum
1891 2197 2154 2269 litaniis
2193 2198 2352 2270 addi
2408 2199 2629 2271 iussit.
2689 2196 2794 2274 Ac
2831 2197 2976 2274 Nos

852 2321 1017 2412 ipsi,
1055 2331 1418 2413 postquam
1475 2318 1954 2411 investigabili
1984 2315 2113 2391 Dei
2153 2319 2412 2391 iudicio
2461 2322 2546 2390 ad
2586 2341 2974 2413 supremam

850 2435 1045 2512 Petri
1081 2437 1501 2514 Cathedram
1556 2440 1784 2513 evecti
1838 2442 2129 2524 fuimuS,
2171 2442 2339 2512 moti
2393 2452 2534 2512 tum
2593 2441 2976 2515 illustrium

851 2557 1491 2639 praedecessorum
1528 2558 1946 2639 Nostrorum
1999 2561 2366 2655 exemplis,
2397 2573 2573 2639 ,tum
2632 2563 2972 2655 singulari

850 2684 1253 2771 devotione,
1305 2706 1447 2779 qua
1503 2704 1728 2777 usque
1768 2686 1852 2757 ab
1893 2684 2364 2759 adolescentia
2421 2705 2586 2773 erga
2641 2686 2972 2759 eumdem

852 2814 1173 2881 sanctum
1254 2800 1740 2880 Patriarebem
1823 2802 2047 2880 affecti
2131 2804 2421 2887 fuimus,
2477 2804 2764 2877 decreto
2837 2804 2978 2879 diei

850 2919 939 3001 X.
978 2920 1409 3017 Septembris
1446 2920 1581 2999 An.
1628 2918 2224 3002 MDCCCXLVH.
2279 2942 2526 3014 magno
2580 2924 2796 2996 animi
2838 2921 2982 2999 No·

852 3046 979 3122 stri
1032 3046 1287 3139 gaudio
1344 3047 1431 3119 ed
1489 3047 1898 3122 universam
1955 3040 2354 3122 Ecclesiam
2437 3046 2568 3117 sub
2651 3046 2790 3119 ritu
2845 3047 2980 3117 du-

850 3168 1057 3261 plicis
1110 3170 1459 3244 secundae
1516 3169 1762 3241 classis
1801 3166 2234 3242 extendimus
2296 3170 2556 3238 festum
2595 3161 2977 3239 Patrocinii

850 3288 1030 3371 elus,
1079 3289 1263 3381 quod
1318 3290 1453 3361 iam
1512 3289 1827 3381 pluribus
1867 3289 1940 3359 in
1975 3288 2144 3362 locis
2204 3285 2498 3378 speciali
2553 3286 2766 3361 huius
2804 3284 2984 3359 San-

783 3465 790 3471 .
850 3418 1009 3482 ctae
1064 3403 1267 3481 Sedis
1332 3409 1607 3483 indulto
1689 3406 2205 3484 celebrabatur.
2271 3402 2524 3479 Verum
2607 3408 2981 3497 postremis

852 3528 1047 3605 hisce
1102 3528 1555 3621 temporibus,
1596 3531 1666 3601 ie
1721 3529 1974 3622 quibus
2031 3529 2340 3600 immane
2399 3546 2482 3599 ac
2543 3528 2980 3599 teterrimum

852 3650 1117 3731 bellum
1168 3660 1419 3724 contra
1454 3648 1716 3724 Christi
1772 3646 2168 3723 Ecclesiam
2227 3649 2364 3721 fuit
2417 3647 2756 3721 indictum
2813 3648 2988 3721 lide-

853 3770 1027 3845 lium
1082 3771 1371 3845 devotio
1424 3790 1589 3860 erga
1642 3768 1980 3850 Sanctum
2019 3766 2392 3863 losepburn
2445 3768 2618 3843 adeo
2675 3768 2982 3843 increvit

851 3901 927 3969 et
980 3912 1347 3983 progressu
1400 3904 1561 3973 est,
1620 3901 1696 3961 ut
1753 3892 1944 3963 omni
2031 3912 2118 3963 ex
2175 3899 2370 3983 parte
2429 3888 2516 3961 ad
2575 3885 2718 3963 Nos
2775 3891 2989 3967 iunu-

856 4030 1088 4087 meree
1144 4033 1223 4087 ee
1296 4010 1808 4089 fervidissimus
1891 4010 2358 4102 pervenerint
2413 4010 2930 4102 postulationes
2963 4059 2986 4095 ‚

858 4148 1041 4223 quse
1093 4151 1319 4221 nuper
1400 4132 1567 4206 dum
1620 4126 1914 4208 Sacrum
1969 4126 2514 4235 oecumenicum
2589 4126 2988 4207 Concilium

862 4248 1281 4329 Vaticanum
1310 4250 1720 4335 baberetur,
1759 4252 1847 4328 ab
1886 4252 2074 4324 omni
2107 4250 2414 4328 fidelium
2444 4260 2678 4333 coetu,
2703 4260 2778 4323 et
2800 4254 2988 4345 quod

863 4374 1167 4453 maxime
1224 4372 1543 4458 interest,
1602 4392 1645 4442 a
1699 4370 2012 4464 plurimis
2063 4393 2158 4445 ex
2216 4366 2751 4455 venerabilibus
2809 4368 2990 4446 Fra-
