3292 5275
883 484 1036 565 150

875 636 952 698 et
1001 618 1478 713 Cancellarjae
1517 621 1973 717 Apostolieae
2033 624 2265 718 regula
2320 626 2405 697 de
2460 627 2609 698 iure
2662 628 3009 721 quaesito

873 768 1014 819 non
1067 748 1413 831 tollendos·
1469 768 1600 819 nec
1655 768 1798 819 non
1854 744 2359 821 Lateranensis
2382 744 2686 821 Concilii
2742 750 3013 823 novis-

875 868 1046 939 sime
1109 869 1496 953 celebrati,
1583 868 2245 943 dismembrationes
2300 879 2677 961 perpetuas
2732 864 2865 941 nisi
2918 871 3007 940 in

871 986 1146 1060 casibus
1188 1010 1229 1061 a
1265 990 1420 1063 iure
1483 986 1845 1081 permissis
1900 988 2055 1063 fieri
2086 989 2645 1080 prohibentibuS,
2686 989 3008 1082 aliisque

871 1107 1090 1185 etiam
1123 1110 1200 1182 in
1249 1110 1727 1202 synodalibus,
1742 1112 2327 1201 provincialibus,
2350 1109 2797 1200 generalibus
2826 1112 3013 1183 uui-

873 1230 1402 1323 versalibusque
1417 1226 1773 1303 Gonciliis
1788 1232 2027 1316 editis,
2070 1234 2189 1305 vel
2218 1230 2533 1316 edendis,
2564 1232 3007 1324 specialibus

871 1352 990 1425 vel
1066 1352 1506 1442 generalibus
1565 1348 2209 1426 Constitutionibus
2275 1364 2354 1424 et
2408 1346 3005 1426 ordinationibus

873 1465 1316 1563 Apostolieis,
1349 1472 1719 1565 dictaeque
1748 1468 2121 1563 Medelien.
2156 1468 2543 1556 Ecclesiae,
2571 1466 2782 1545 etiam
2800 1472 3009 1547 iuru-

874 1602 1146 1675 mento,
1198 1592 1725 1669 confirmatione
1780 1593 2220 1687 Apostolica,
2272 1597 2396 1669 vel
2450 1595 2709 1689 quavis
2758 1592 3006 1667 firmi-

875 1724 1018 1787 tate
1075 1716 1214 1787 alia
1271 1714 1651 1801 roboratis,
1681 1716 1968 1789 statutis
2024 1728 2097 1789 et
2154 1715 2805 1804 consuetudinibus,
2848 1718 3011 1810 pri-

874 1836 1149 1928 vilegiis
1203 1858 1514 1929 quoque,
1557 1838 1881 1923 indultis,
1912 1849 1983 1909 et
2035 1834 2329 1913 Litteris
2364 1836 2789 1930 Apostolieis
2836 1840 3009 1931 qui-

873 1956 1110 2032 busvis
1191 1959 1681 2051 superioribus
1756 1970 1827 2030 et
1899 1962 2215 2051 personis
2268 1962 2341 2031 in
2410 1980 2689 2050 genere,
2746 1959 2861 2033 vel
2920 1959 3003 2031 in

875 2080 1276 2173 speeie,ant
1321 2080 1502 2153 alias
1541 2100 1705 2153 eum
1740 2080 2114 2173 quibusvis
2150 2080 2363 2151 etiam
2400 2080 3003 2171 derogatoriarum

875 2201 1361 2291 derogator-iis,
1425 2201 1723 2292 aliisque
1778 2200 2283 2273 efficacioribus
2336 2212 2409 2272 et
2460 2202 3000 2285 efficacissimis,

875 2342 958 2393 ne
1013 2320 1310 2394 insolitis
1366 2320 1701 2393 clausulis
1768 2320 2381 2415 irritantibusque,
2422 2332 2493 2392 et
2540 2321 2693 2393 aliis
2732 2318 3009 2395 Decre-

878 2442 970 2516 tis
1023 2442 1243 2515 etiam
1299 2454 1496 2514 motu
1533 2443 1830 2514 seientia
1868 2454 1940 2513 et
1979 2444 2345 2535 potestatis
2385 2441 2831 2536 plenitudine
2872 2464 3005 2535 pa-

877 2564 1078 2637 ribus
1140 2564 1446 2658 itemque
1501 2562 2103 2650 consistorialiter,
2160 2586 2285 2639 seu
2336 2564 2511 2643 alias
2570 2566 2643 2635 in
2710 2576 3009 2662 contra-

875 2687 1062 2760 rium
1103 2686 1550 2770 facientibus,
1589 2686 2113 2780 quomodolibet
2150 2687 2537 2771 concessis,
2568 2687 3000 2780 approbatis,

879 2808 1314 2882 confirmatis
1367 2820 1440 2880 et
1479 2808 1869 2891 innovatiS‚
1900 2809 2156 2903 quibus
2214 2807 2531 2896 omnihus
2582 2819 2653 2879 et
2706 2809 3007 2900 singulis

875 2929 1142 3004 etiamsi
1201 2955 1326 3027 pro
1387 2932 1667 3004 illorum
1744 2932 2121 3006 sufficienti
2196 2931 2643 3024 derogatione
2710 2931 2801 3002 de
2858 2929 3001 3002 illis

881 3055 1260 3146 eorumque
1292 3051 1456 3125 totis
1499 3053 1892 3137 tenoribus,
1926 3053 2281 3144 specialiS,
2304 3049 3001 3144 specifica,expressa

879 3181 954 3246 et
989 3171 1370 3260 individua,
1409 3195 1544 3248 non
1587 3185 1831 3247 autem
1871 3195 1995 3266 per
2032 3173 2387 3272 clausulas
2416 3169 2781 3262 generales
2806 3172 2999 3245 idem

881 3295 1376 3390 imponantes,
1391 3297 1662 3372 mentio
1682 3317 1813 3369 seu
1844 3294 2137 3390 quaevis
2172 3294 2305 3365 alia
2344 3293 2707 3386 expressio
2736 3293 3009 3367 hahen-

879 3415 995 3500 da,
1053 3428 1174 3490 aut
1229 3419 1370 3490 alia
1425 3417 1655 3510 aliqua
1690 3415 2035 3511 exquisita
2074 3418 2295 3488 forma
2336 3415 2422 3485 ad
2460 3413 2591 3486 hoc
2642 3415 2999 3486 servanda

879 3537 1088 3623 foret,
1120 3548 1404 3612 tenores
1459 3537 1887 3625 huiusmodi,
1930 3559 2009 3610 ac
2050 3535 2108 3608 si
2140 3537 2231 3608 de
2276 3536 2499 3611 verbo
2538 3533 2627 3606 ad
2670 3535 2999 3616 verbum,

885 3658 987 3734 nil
1043 3661 1322 3754 penitus
1373 3659 1657 3745 omisso,
1714 3671 1788 3732 et
1847 3661 2067 3731 forma
2124 3659 2193 3729 in
2252 3656 2385 3730 illis
2440 3657 2701 3728 tradita
2762 3655 3007 3728 obser-

879 3791 1070 3868 vata,
1097 3779 1348 3854 inserti
1405 3783 1664 3869 forent,
1694 3779 1960 3854 eisdem
2025 3776 2509 3872 praesentibus
2575 3797 2701 3871 pro
2784 3778 3001 3868 plene

877 3911 954 3974 et
1007 3901 1435 3976 sufficienter
1494 3904 1845 3996 expressis
1901 3901 2259 3987 habentes,
2318 3899 2449 3970 illis
2504 3898 2671 3970 alias
2724 3899 2797 3968 in
2868 3921 3003 3972 suo

885 4021 1138 4097 robore
1195 4025 1673 4118 permansuris
1726 4023 2061 4096 latissime
2116 4035 2189 4093 et
2245 4021 2647 4114 plenissime
2702 4043 2789 4092 ac
2842 4041 3009 4115 spe-

880 4145 1158 4221 cialiter
1213 4161 1282 4218 et
1340 4164 1667 4240 expresse
1706 4145 1789 4217 ad
1822 4145 2147 4218 effectum
2204 4141 2705 4237 praesentium,
2734 4155 2805 4215 et
2872 4165 3003 4218 va-

879 4265 1178 4339 liditatis
1235 4270 1554 4352 omnium
1621 4279 1696 4341 et
1760 4267 2211 4361 singulorum
2272 4265 2809 4360 praemissorum
2866 4265 3001 4336 bac

3240 550 3245 801 1
