3292 5275
684 625 1227 722 LITTERAE
1302 623 2076 722 APOSTOLICAE
2277 491 2428 576 331

776 914 892 965 PRO
932 913 1399 965 ostentantem-2
1440 913 1618 963 rsssn
1659 915 1716 962 S.
1757 915 1994 966 nossent

1022 1045 1285 1106 mstvE
1346 1045 1734 1097 rnnocmn.

1000 1715 1251 1812 Plvs
1336 1713 1506 1808 PP.
1590 1715 1744 1809 lx.

850 2123 930 2174 Ab
988 2123 1363 2208 marcwart!
1424 2123 1527 2174 RB!
1586 2121 1905 2188 {nummu

312 2493 696 2679 Inclytum
734 2578 1203 2657 Patriarcham
1242 2577 1537 2657 Beatum
1577 2579 1967 2677 losepbum,
2001 2603 2204 2677 quem
2237 2575 2428 2657 Deus

310 2700 777 2799 Omnipotens
832 2725 1001 2798 prae
1056 2704 1379 2779 omnibus
1446 2698 1722 2777 Sanctis
1777 2704 1919 2776 suis
1980 2702 2426 2797 purissimum

308 2844 701 2919 verumque
757 2844 1091 2917 sponsum
1145 2844 1303 2897 essc
1362 2825 1595 2897 voluit
1634 2825 1708 2896 in
1766 2824 1973 2897 terris
2029 2822 2426 2896 immacula-

302 2960 421 3019 tae
476 2940 781 3037 Virginis
818 2938 1110 3027 Mariae,
1150 2966 1231 3017 ac
1268 2946 1673 3037 putativum
1731 2940 2077 3037 unigeniti
2119 2938 2280 3015 Filii
2317 2945 2424 3017 sui

306 3077 577 3160 patrem
610 3113 629 3149 ,
688 3086 1035 3159 quemque
1091 3064 1181 3138 ad
1236 3076 1383 3139 tam
1440 3066 1768 3139 sublimia
1823 3084 2110 3137 munera
2166 3064 2428 3137 fidelis-

305 3188 477 3259 sime
536 3185 883 3279 implenda
940 3186 1181 3278 gratiis
1236 3208 1526 3280 prorsus
1580 3184 2050 3278 singularibus
2105 3184 2302 3257 auxit
2355 3196 2428 3259 ct

306 3308 589 3381 abunde
644 3305 1035 3381 cumulavit
1116 3308 1373 3381 merito
1424 3302 1788 3380 Catholica
1841 3304 2153 3380 Ecclesia
2208 3306 2424 3397 gloria

306 3440 381 3501 et
434 3427 699 3501 honore
739 3426 813 3499 in
852 3428 1063 3499 caelis
1118 3438 1538 3501 coronatum
1588 3426 2012 3521 amplissimo
2064 3427 2428 3521 prosequi·

307 3562 421 3621 tur
474 3547 666 3619 cultu
752 3557 963 3640 atque
1020 3548 1274 3620 intimo
1356 3559 1740 3621 veneratur
1792 3546 2066 3641 pietatis
2141 3546 2420 3621 affectu.

302 3664 779 3757 Quamobrem
809 3662 1107 3740 Romani
1133 3663 1507 3741 Pontifices
1538 3662 2118 3741 praedecessores
2157 3662 2423 3756 Nostri,

304 3798 383 3859 ut
440 3797 784 3878 augerent
824 3789 897 3859 in
936 3786 1111 3873 dies»,
1150 3809 1229 3860 ac
1266 3786 1633 3863 ardentius
1669 3788 2054 3861 excitarent
2107 3788 2178 3859 in
2216 3783 2426 3861 Chri-

304 3906 717 3981 stifldelium
756 3907 1083 3981 cordibus
1120 3906 1569 3983 devotionem
1622 3918 1698 3981 et
1751 3908 2210 3981 reverentiam
2254 3928 2422 4001 erga

302 4038 633 4133 sanctum
687 4022 1171 4101 Patriarcham
1210 4074 1231 4113 ‚
1290 4050 1543 4124 eosque
1598 4031 2132 4104 cohortarentur
2185 4028 2272 4101 ad
2327 4028 2421 4101 il-

302 4148 439 4223 lius
496 4148 683 4242 apud
728 4142 955 4239 Deum
1010 4146 1584 4225 intercessionem
1640 4170 1902 4223 summa
1955 4170 2116 4223 cum
2169 4148 2422 4223 fiducia

310 4269 823 4363 implorandam
868 4269 1053 4343 haud
1090 4270 1501 4356 omiserunu
1554 4272 1826 4367 quoties
1881 4282 2268 4367 opportuna
2305 4291 2422 4344 es-

308 4401 419 4465 set
474 4390 781 4475 occasio,
840 4410 1064 4464 novas
1121 4410 1391 4486 semper
1474 4412 1552 4465 ac
1608 4392 1905 4467 maiores
1961 4389 2214 4487 publici
2269 4392 2422 4466 cul-
