3292 5275
847 514 948 595 18

833 650 1172 748 'Synodus
1225 676 1265 727 a
1319 646 1533 727 Nobis
1586 652 1855 727 indicta
1908 654 2119 729 fuen't
2172 654 2514 740 absoluta,
2552 650 2629 728 S.
2670 653 2948 741 loannis

835 775 914 847 in
967 770 1335 861 Laterano,
1390 768 1727 869 Principis
1782 771 2313 869 Apostolorum,
2353 785 2426 849 et
2461 771 2765 850 Sanctae
2802 772 2949 851 Ma·

835 894 985 969 riae
1035 886 1312 970 Maioris
1363 891 1725 983 Basilicas,
1779 894 1893 969 vel
1949 918 2195 973 earum
2260 896 2562 992 aliquam
2613 896 2718 970 bis
2772 898 2951 971 visi-

840 1014 1171 1101 taverint,
1225 1016 1460 1110 ibique
1517 1038 1640 1110 per
1718 1016 1994 1111 aliquod
2073 1018 2405 1111 temporis
2466 1020 2770 1112 ¹spatium
2824 1039 2950 1113 pro

835 1130 1153 1210 'omnium
1205 1137 1461 1209 misere
1516 1134 1903 1210 errantium
1956 1138 2442 1224 conversione,
2485 1160 2611 1232 pro
2661 1140 2953 1212 sanctis-

827 1256 1049 1331 'simae
1087 1250 1250 1330 fidei
1288 1258 1818 1350 propagatione,
1859 1269 1934 1330 et
1986 1279 2113 1350 pro
2166 1258 2549 1333 catholicae
2594 1254 2949 1333 Ecclesiae

827 1384 1042 1471 pace,
1099 1377 1634 1473 tranquillitate,
1694 1400 1777 1450 ac
1833 1378 2217 1472 triumpho
2246 1378 2502 1453 devote
2556 1381 2948 1466 oraverint,

829 1506 913 1569 'et
967 1507 1249 1591 praeter
1322 1494 1660 1572 consueta
1733 1509 2038 1592 quatuor
2092 1501 2258 1572 anni
2332 1511 2650 1593 tempora
2726 1499 2949 1573 tribus

841 1616 1119 1706 diebus,
1158 1620 1368 1692 etiam
1405 1640 1538 1692 non
1574 1620 1958 1704 continuis,
2008 1627 2260 1714 nemp'e
2314 1603 2569 1715 quarta
2623 1632 2697 1694 et
2749 1631 2949 1695 sexta

837 1738 1037 1826 foria,
1069 1751 1139 1812 et
1165 1736 1472 1813 Sabbato
1504 1734 1995 1825 ieiunaverint,
2021 1750 2094 1813 et
2120 1742 2305 1813 intra
2334 1753 2947 1818 commemoratum

827 1860 1170 1954 'temporis
1223 1860 1528 1955 spatium
1582 1872 1868 1954 peccata
1905 1882 2034 1935 sua
2073 1861 2373 1935 confessi
2410 1858 2949 1937 Sanctissimum

835 1974 1330 2057 Eucharistiae
1386 1977 1924 2058 Sacramentum
1999 1993 2413 2057 reverenter
2485 1986 2950 2078 susceperint,

829 2112 912 2174 'et
947 2103 1370 2196 pauperibus
1409 2100 1709 2197 aliquam
1746 2104 2291 2198 eleemosynam,
2332 2115 2535 2197 prout
2571 2106 2950 2199 unicuique

837 2220 1120 2296 devotio
1158 2232 1504 2315 suggeret,
1543 2222 2015 2319 erogaverint,
2054 2224 2309 2298 ceteris
2364 2246 2538 2299 vero
2574 2236 2777 2298 extra
2810 2220 2955 2297 Ur·-

827 2342 992 2416 bem
1029 2342 1458 2438 praedictam
1494 2342 1925 2437 ubicumque
1963 2344 2412 2436 degentibus,
2444 2342 2559 2439 qui
2598 2340 2949 2418 Ecclesias

834 2462 922 2537 ab
957 2460 1352 2539 Ordinariis
1403 2452 1746 2550 locorum,
1786 2466 1903 2538 vel
1956 2486 2198 2539 eorum
2251 2459 2575 2545 vicariis,
2618 2487 2745 2538 seu
2781 2461 2951 2540 offi-

835 2575 1167 2671 cialibus,
1225 2578 1347 2660 aut
1400 2585 1489 2660 de
1543 2585 1827 2660 illorum
1880 2584 2239 2672 mandato,
2278 2595 2380 2669 et,
2420 2584 2591 2680 ipsis
2627 2584 2952 2661 deficien-

833 2705 1055 2792 tibus,
1114 2726 1241 2801 per
1293 2727 1442 2792 eos,
1498 2705 1618 2801 qui
1674 2705 1770 2778 ibi
1825 2727 2064 2780 curam
2120 2707 2519 2782 animarum
2583 2719 2946 2794 exercent,

692 2833 707 2840 ’
835 2837 1203 2923 postquam
1258 2828 1347 2902 ad
1402 2827 1687 2900 illorum
1741 2829 2069 2902 notitiam
2122 2829 2251 2901 hae
2306 2821 2600 2902 Nostrae
2636 2823 2949 2902 Litterae

828 2949 1317 3041 pervenerint,
1371 2948 1863 3040 designandas,
1923 2948 2036 3023 vel
2091 2969 2340 3024 earum
2394 2949 2696 3043 aliquam
2751 2971 2952 3043 prae·

835 3067 1020 3141 finiti
1077 3069 1408 3163 temporis
1445 3071 1672 3163 spatio
1728 3069 1835 3142 bis
1874 3069 2351 3157 visitaverint,
2394 3071 2673 3166 aliaque
2710 3092 2951 3143 recen·

834 3188 967 3262 sita
1022 3210 1238 3283 opera
1291 3189 1548 3263 devote
1613 3189 2031 3283 peregerint,
2088 3191 2559 3284 plenissimam
2634 3193 2947 3264 omnium

833 3321 1276 3408 peecatorum
1331 3331 1616 3385 suorum
1647 3309 2117 3384 remissionem
2154 3323 2225 3384 et
2261 3307 2795 3405 Indulgentiam,
2854 3313 2953 3386 si-

834 3443 958 3507 cut
1012 3433 1088 3505 in
1144 3453 1330 3507 anno
1404 3427 1700 3507 lubilaei
1772 3431 2221 3505 visitantibus
2295 3442 2525 3505 certas
2598 3429 2949 3507 Ecclesias

831 3551 1046 3641 intra,
1085 3565 1159 3629 et
1194 3566 1388 3628 extra
1439 3548 1698 3626 Urbem
1738 3553 2161 3647 praedictam
2212 3552 2499 3627 concedi
2543 3555 2947 3639 consuevit,

835 3687 1082 3749 tenore
1137 3672 1633 3769 praesentium,
1710 3671 2249 3746 misericorditer
2300 3673 2372 3745 in
2425 3668 2726 3748 Domino
2778 3696 2952 3747 con-

835 3795 1141 3869 cedimus
1195 3808 1406 3891 atque
1459 3791 1924 3886 indulgemus,
1961 3815 2144 3887 quae
2198 3791 2639 3884 Indulgentia
2684 3794 2949 3866 anima-

831 3917 962 3991 bus
1015 3915 1258 4002 etiam,
1311 3936 1494 4011 quae
1545 3911 1698 3988 Deo
1752 3916 1829 3986 in
1872 3913 2163 3988 caritate
2217 3913 2637 3988 coniunctae
2690 3937 2776 3985 ex
2819 3915 2946 3987 hac

820 4039 979 4113 vita
1005 4038 1483 4131 migraverint,
1509 4057 1636 4129 per
1664 4035 1950 4110 modum
1972 4034 2274 4129 suffragii
2302 4033 2638 4130 applicari
2663 4034 2942 4128 poterit.

1043 4155 1511 4234 concedimus
1588 4157 1829 4242 etiam,
1886 4168 1969 4232 ut
2044 4160 2488 4248 navigantes,
2540 4167 2755 4250 atque
2812 4155 2950 4229 iter

831 4291 1148 4379 agenteS,
1180 4301 1398 4375 quum
1433 4277 1740 4373 primum
1779 4278 1864 4350 ad
1896 4299 2019 4350 sua
2051 4299 2124 4350 se
2157 4275 2496 4352 domicilia
2525 4276 2945 4369 receperint,

833 4401 1169 4502 operibus
1223 4399 1707 4499 suprascriptis
1744 4399 2049 4500 peractis
2088 4408 2163 4476 et
2198 4399 2308 4474 bis
2363 4397 2641 4474 visitata
2694 4389 2949 4474 Eccle-
