3292 5275
301 625 669 715 signamus,
727 617 1204 694 Decernentes
1262 619 1388 692 bas
1451 615 1755 694 Litteras
1802 615 2093 692 Nostras
2147 619 2407 706 firmaS,

304 742 593 827 validam,
651 753 722 812 et
781 746 1095 814 efficaces
1149 741 1450 812 existere
1489 752 1560 812 et
1607 740 1779 824 fore,
1818 761 2113 832 suosque
2170 743 2411 834 plena-

306 863 446 934 rios
499 875 572 935 et
629 863 938 952 integros
993 861 1282 935 effectus
1333 861 1570 933 sortiri
1623 870 1698 932 et
1750 861 2116 948 obtinere3
2172 864 2409 956 sicque

303 982 372 1052 in
427 983 828 1076 praemissis
887 1003 1014 1076 per
1069 1002 1546 1076 quoscumque
1601 977 1877 1054 ludices
1914 981 2301 1055 ordinarios
2340 994 2413 1056 et

303 1103 656 1196 delegatos
715 1106 932 1176 etiam
987 1099 1381 1176 Causarum
1435 1097 1687 1176 Palatii
1745 1097 2130 1194 Apostolioi
2184 1099 2412 1176 Audi-

302 1234 488 1296 tores
543 1237 618 1298 et
669 1222 1080 1298 Cardinales
1136 1226 1346 1295 etiarn
1401 1221 1490 1292 de
1546 1217 1797 1294 Latere
1852 1218 2185 1314 LegatoS,
2244 1223 2413 1296 sub-

301 1344 442 1417 lata
496 1345 596 1418 eis
645 1356 994 1419 eteorum
1051 1343 1340 1417 cuilibet
1391 1343 1640 1435 quavis
1696 1342 1893 1415 aliter
1948 1343 2299 1417 iudicandi
2336 1355 2411 1418 et

303 1469 810 1560 interpretandi
898 1469 1234 1540 facultate
1309 1474 1382 1538 et
1453 1463 1867 1537 auctoritate
1898 1514 1919 1550 ,
1975 1464 2269 1539 iudicari
2343 1477 2415 1538 et

301 1587 569 1661 definiri
623 1590 904 1670 debere,
964 1601 1176 1682 atque
1231 1585 1506 1658 irritum
1542 1597 1614 1656 et
1654 1586 1863 1658 inane
1920 1586 1977 1658 si
2032 1607 2235 1662 secus
2290 1611 2415 1661 su-

301 1731 426 1802 per
463 1711 572 1782 bis
613 1732 654 1782 a
690 1730 1043 1803 quoquam
1081 1707 1326 1803 quavis
1365 1707 1787 1780 auctoritate
1824 1708 2152 1799 fungente
2192 1712 2415 1784 scien-

303 1841 409 1902 ter
467 1832 577 1902 vel
635 1831 1044 1922 ignoranter
1079 1827 1446 1921 eontigerit
1503 1829 1861 1899 attentari.
1918 1823 2071 1901 Non
2122 1830 2415 1903 obstan-

301 1951 490 2024 tibus
545 1946 1180 2024 constitutionibus
1225 1963 1300 2022 et
1335 1945 1917 2021 ordinationibus
1954 1945 2409 2040 Apostoliois,

300 2075 690 2168 ceterisque
763 2075 838 2143 in
914 2071 1348 2144 eontrarium
1404 2070 1825 2142 facientibus
1880 2071 2201 2164 quamvis
2258 2093 2417 2165 spe.-

299 2195 458 2268 oiali
513 2208 587 2267 et
639 2193 1007 2267 individua
1087 2193 1446 2264 mentione
1530 2212 1610 2262 ao
1680 2190 2132 2284 derogatione
2186 2192 2413 2282 dignis

296 2319 882 2413 quibuscumque.
1386 2413 1394 2425 Ι

508 2434 768 2512 Datum
819 2431 1086 2510 Romae
1165 2435 1345 2530 apud
1427 2425 1504 2505 S.
1562 2427 1859 2508 Petrum
1928 2431 2063 2506 sub
2126 2429 2415 2507 Annulo

297 2553 680 2633 Piscatoris
736 2558 844 2630 die
899 2552 1152 2630 XXXI.
1211 2552 1447 2628 Martii
1485 2549 2113 2629 MDCCCLXXIV.
2170 2548 2419 2628 Ponti-

297 2680 552 2757 ficatus
605 2678 837 2757 Nostri
893 2677 1102 2754 Anno
1155 2674 1472 2790 xxvnt.

1313 2916 1394 2995 F.
1445 2917 1659 2995 (ΞΛΜ).
1716 2914 2091 3004 Asovtmvs.

297 3182 491 3265 Looo
520 3186 618 3283 ᾖ
652 3180 916 3260 Annali
966 3176 1371 3257 Piscatoris.
