<?xml version="1.0" encoding="UTF-8"?>
<!DOCTYPE html PUBLIC "-//W3C//DTD XHTML 1.0 Transitional//EN"
    "http://www.w3.org/TR/xhtml1/DTD/xhtml1-transitional.dtd">
<html xmlns="http://www.w3.org/1999/xhtml" xml:lang="en" lang="en">
 <head>
  <title>
</title>
<meta http-equiv="Content-Type" content="text/html;charset=utf-8" />
  <meta name='ocr-system' content='tesseract 3.04.00' />
  <meta name='ocr-capabilities' content='ocr_page ocr_carea ocr_par ocr_line ocrx_word'/>
</head>
<body>
  <div class='ocr_page' id='page_1' title='image "./piiixpontificis01ixgoog_0559.png"; bbox 0 0 3292 5275; ppageno 0'>
   <div class='ocr_carea' id='block_1_1' title="bbox 2242 494 2393 577">
    <p class='ocr_par' dir='ltr' id='par_1_1' title="bbox 2242 494 2393 577">
     <span class='ocr_line' id='line_1_1' title="bbox 2242 494 2393 577; baseline 0.013 -2"><span class='ocrx_word' id='word_1_1' title='bbox 2242 494 2393 577; x_wconf 81' lang='lat'>165</span> 
     </span>
    </p>
   </div>
   <div class='ocr_carea' id='block_1_2' title="bbox 265 626 2427 4124">
    <p class='ocr_par' dir='ltr' id='par_1_2' title="bbox 265 626 2427 3756">
     <span class='ocr_line' id='line_1_2' title="bbox 269 626 2392 729; baseline 0.001 -22"><span class='ocrx_word' id='word_1_2' title='bbox 269 638 482 709; x_wconf 83' lang='lat' dir='ltr'>festos</span> <span class='ocrx_word' id='word_1_3' title='bbox 546 638 774 729; x_wconf 83' lang='lat' dir='ltr'>exigat</span> <span class='ocrx_word' id='word_1_4' title='bbox 825 648 898 707; x_wconf 89' lang='lat' dir='ltr'>et</span> <span class='ocrx_word' id='word_1_5' title='bbox 964 636 1234 709; x_wconf 77' lang='lat' dir='ltr'>utiliter</span> <span class='ocrx_word' id='word_1_6' title='bbox 1309 637 1516 707; x_wconf 88' lang='lat' dir='ltr'>horas</span> <span class='ocrx_word' id='word_1_7' title='bbox 1594 634 2014 708; x_wconf 82' lang='lat' dir='ltr'>subsecivaS.</span> <span class='ocrx_word' id='word_1_8' title='bbox 2073 626 2392 709; x_wconf 69' lang='lat' dir='ltr'>⁸Salutate</span> 
     </span>
     <span class='ocr_line' id='line_1_3' title="bbox 270 754 2397 849; baseline -0 -20"><span class='ocrx_word' id='word_1_9' title='bbox 270 758 462 830; x_wconf 91' lang='lat' dir='ltr'>enim</span> <span class='ocrx_word' id='word_1_10' title='bbox 513 758 654 829; x_wconf 85' lang='lat' dir='ltr'>hoc</span> <span class='ocrx_word' id='word_1_11' title='bbox 707 778 886 848; x_wconf 92' lang='lat' dir='ltr'>opus</span> <span class='ocrx_word' id='word_1_12' title='bbox 943 776 1086 827; x_wconf 88' lang='lat' dir='ltr'>non</span> <span class='ocrx_word' id='word_1_13' title='bbox 1124 756 1572 849; x_wconf 84' lang='lat' dir='ltr'>modoparat</span> <span class='ocrx_word' id='word_1_14' title='bbox 1610 754 1875 827; x_wconf 88' lang='lat' dir='ltr'>ordinis</span> <span class='ocrx_word' id='word_1_15' title='bbox 1914 756 2241 829; x_wconf 80' lang='lat' dir='ltr'><strong>subversi</strong></span> <span class='ocrx_word' id='word_1_16' title='bbox 2279 778 2397 828; x_wconf 85' lang='lat' dir='ltr'>re-</span> 
     </span>
     <span class='ocr_line' id='line_1_4' title="bbox 273 874 2399 969; baseline 0 -20"><span class='ocrx_word' id='word_1_17' title='bbox 273 879 736 962; x_wconf 89' lang='lat' dir='ltr'>stitutionem,</span> <span class='ocrx_word' id='word_1_18' title='bbox 769 876 891 949; x_wconf 89' lang='lat' dir='ltr'>sed</span> <span class='ocrx_word' id='word_1_19' title='bbox 933 874 1408 949; x_wconf 81' lang='lat' dir='ltr'>efficacissime</span> <span class='ocrx_word' id='word_1_20' title='bbox 1449 876 1652 950; x_wconf 91' lang='lat' dir='ltr'>simul</span> <span class='ocrx_word' id='word_1_21' title='bbox 1692 875 2001 951; x_wconf 86' lang='lat' dir='ltr'>occurrit</span> <span class='ocrx_word' id='word_1_22' title='bbox 2035 876 2203 949; x_wconf 90' lang='lat' dir='ltr'>mali</span> <span class='ocrx_word' id='word_1_23' title='bbox 2241 900 2399 969; x_wconf 90' lang='lat' dir='ltr'>pro-</span> 
     </span>
     <span class='ocr_line' id='line_1_5' title="bbox 269 994 2398 1091; baseline -0.001 -20"><span class='ocrx_word' id='word_1_24' title='bbox 269 1000 568 1091; x_wconf 87' lang='lat' dir='ltr'>gressui,</span> <span class='ocrx_word' id='word_1_25' title='bbox 627 998 1015 1091; x_wconf 86' lang='lat' dir='ltr'>multisque</span> <span class='ocrx_word' id='word_1_26' title='bbox 1055 997 1359 1068; x_wconf 87' lang='lat' dir='ltr'>consulit</span> <span class='ocrx_word' id='word_1_27' title='bbox 1395 996 1712 1079; x_wconf 86' lang='lat' dir='ltr'>familiis,</span> <span class='ocrx_word' id='word_1_28' title='bbox 1746 994 1997 1088; x_wconf 89' lang='lat' dir='ltr'>quihus</span> <span class='ocrx_word' id='word_1_29' title='bbox 2040 1008 2398 1090; x_wconf 89' lang='lat' dir='ltr'>nequeunt</span> 
     </span>
     <span class='ocr_line' id='line_1_6' title="bbox 265 1113 2398 1213; baseline 0 -24"><span class='ocrx_word' id='word_1_30' title='bbox 265 1119 468 1191; x_wconf 85' lang='lat' dir='ltr'>irrita</span> <span class='ocrx_word' id='word_1_31' title='bbox 527 1120 928 1213; x_wconf 81' lang='lat' dir='ltr'>contingere</span> <span class='ocrx_word' id='word_1_32' title='bbox 985 1118 1360 1211; x_wconf 83' lang='lat' dir='ltr'>probitatis</span> <span class='ocrx_word' id='word_1_33' title='bbox 1423 1114 1726 1189; x_wconf 89' lang='lat' dir='ltr'>filiorum</span> <span class='ocrx_word' id='word_1_34' title='bbox 1767 1119 2105 1210; x_wconf 87' lang='lat' dir='ltr'>exempla.</span> <span class='ocrx_word' id='word_1_35' title='bbox 2146 1113 2398 1189; x_wconf 88' lang='lat' dir='ltr'>Gratu-</span> 
     </span>
     <span class='ocr_line' id='line_1_7' title="bbox 274 1234 2397 1333; baseline 0 -23"><span class='ocrx_word' id='word_1_36' title='bbox 274 1238 505 1311; x_wconf 84' lang='lat' dir='ltr'>lamur</span> <span class='ocrx_word' id='word_1_37' title='bbox 563 1240 775 1333; x_wconf 82' lang='lat' dir='ltr'>igitur</span> <span class='ocrx_word' id='word_1_38' title='bbox 829 1240 918 1311; x_wconf 92' lang='lat' dir='ltr'>iis</span> <span class='ocrx_word' id='word_1_39' title='bbox 975 1239 1296 1312; x_wconf 84' lang='lat' dir='ltr'>omnibus</span> <span class='ocrx_word' id='word_1_40' title='bbox 1333 1240 1452 1332; x_wconf 86' lang='lat' dir='ltr'>qui</span> <span class='ocrx_word' id='word_1_41' title='bbox 1483 1234 1877 1311; x_wconf 83' lang='lat' dir='ltr'>Pictavium</span> <span class='ocrx_word' id='word_1_42' title='bbox 1917 1249 2397 1312; x_wconf 82' lang='lat' dir='ltr'>convenerunt</span> 
     </span>
     <span class='ocr_line' id='line_1_8' title="bbox 275 1358 2399 1453; baseline 0.001 -22"><span class='ocrx_word' id='word_1_43' title='bbox 275 1358 566 1431; x_wconf 85' lang='lat' dir='ltr'>consilia</span> <span class='ocrx_word' id='word_1_44' title='bbox 621 1360 946 1431; x_wconf 83' lang='lat' dir='ltr'>collaturi</span> <span class='ocrx_word' id='word_1_45' title='bbox 987 1361 1070 1431; x_wconf 84' lang='lat' dir='ltr'>ad</span> <span class='ocrx_word' id='word_1_46' title='bbox 1111 1361 1466 1453; x_wconf 82' lang='lat' dir='ltr'>egregium</span> <span class='ocrx_word' id='word_1_47' title='bbox 1504 1359 1636 1431; x_wconf 86' lang='lat' dir='ltr'>hoo</span> <span class='ocrx_word' id='word_1_48' title='bbox 1675 1370 1995 1453; x_wconf 84' lang='lat' dir='ltr'>coeptum</span> <span class='ocrx_word' id='word_1_49' title='bbox 2033 1360 2399 1452; x_wconf 82' lang='lat' dir='ltr'>explican-</span> 
     </span>
     <span class='ocr_line' id='line_1_9' title="bbox 278 1479 2392 1573; baseline 0 -23"><span class='ocrx_word' id='word_1_50' title='bbox 278 1479 474 1563; x_wconf 89' lang='lat' dir='ltr'>dum,</span> <span class='ocrx_word' id='word_1_51' title='bbox 531 1481 1102 1572; x_wconf 88' lang='lat' dir='ltr'>promovendum,</span> <span class='ocrx_word' id='word_1_52' title='bbox 1156 1480 1705 1573; x_wconf 83' lang='lat' dir='ltr'>proficiendum3</span> <span class='ocrx_word' id='word_1_53' title='bbox 1760 1482 2186 1573; x_wconf 82' lang='lat' dir='ltr'>gratulamur</span> <span class='ocrx_word' id='word_1_54' title='bbox 2240 1480 2392 1566; x_wconf 88' lang='lat' dir='ltr'>tibi,</span> 
     </span>
     <span class='ocr_line' id='line_1_10' title="bbox 277 1601 2397 1695; baseline 0.002 -25"><span class='ocrx_word' id='word_1_55' title='bbox 277 1601 402 1693; x_wconf 90' lang='lat' dir='ltr'>qui</span> <span class='ocrx_word' id='word_1_56' title='bbox 439 1602 667 1672; x_wconf 88' lang='lat' dir='ltr'>eidem</span> <span class='ocrx_word' id='word_1_57' title='bbox 707 1612 955 1694; x_wconf 77' lang='lat' dir='ltr'>coopto</span> <span class='ocrx_word' id='word_1_58' title='bbox 995 1603 1446 1695; x_wconf 87' lang='lat' dir='ltr'>praepositus</span> <span class='ocrx_word' id='word_1_59' title='bbox 1486 1622 1624 1673; x_wconf 90' lang='lat' dir='ltr'>non</span> <span class='ocrx_word' id='word_1_60' title='bbox 1662 1601 1867 1673; x_wconf 90' lang='lat' dir='ltr'>modo</span> <span class='ocrx_word' id='word_1_61' title='bbox 1905 1622 2105 1674; x_wconf 83' lang='lat' dir='ltr'>curas</span> <span class='ocrx_word' id='word_1_62' title='bbox 2144 1602 2207 1672; x_wconf 91' lang='lat' dir='ltr'>ei</span> <span class='ocrx_word' id='word_1_63' title='bbox 2241 1612 2397 1675; x_wconf 86' lang='lat' dir='ltr'>tuas</span> 
     </span>
     <span class='ocr_line' id='line_1_11' title="bbox 278 1721 2402 1815; baseline 0.003 -26"><span class='ocrx_word' id='word_1_64' title='bbox 278 1722 674 1812; x_wconf 90' lang='lat' dir='ltr'>impendis,</span> <span class='ocrx_word' id='word_1_65' title='bbox 732 1724 852 1795; x_wconf 91' lang='lat' dir='ltr'>sed</span> <span class='ocrx_word' id='word_1_66' title='bbox 911 1724 1052 1814; x_wconf 76' lang='lat' dir='ltr'>iugi</span> <span class='ocrx_word' id='word_1_67' title='bbox 1113 1721 1578 1815; x_wconf 82' lang='lat' dir='ltr'><strong>prudentum,</strong></span> <span class='ocrx_word' id='word_1_68' title='bbox 1633 1722 1953 1814; x_wconf 88' lang='lat' dir='ltr'>piorum,</span> <span class='ocrx_word' id='word_1_69' title='bbox 2011 1732 2085 1793; x_wconf 89' lang='lat' dir='ltr'>et</span> <span class='ocrx_word' id='word_1_70' title='bbox 2155 1722 2402 1795; x_wconf 90' lang='lat' dir='ltr'>huius-</span> 
     </span>
     <span class='ocr_line' id='line_1_12' title="bbox 276 1840 2397 1916; baseline 0.002 -5"><span class='ocrx_word' id='word_1_71' title='bbox 276 1840 465 1912; x_wconf 88' lang='lat' dir='ltr'>modi</span> <span class='ocrx_word' id='word_1_72' title='bbox 503 1842 1052 1916; x_wconf 86' lang='lat' dir='ltr'>adoleseentium</span> <span class='ocrx_word' id='word_1_73' title='bbox 1113 1842 1492 1915; x_wconf 83' lang='lat' dir='ltr'>conditioni</span> <span class='ocrx_word' id='word_1_74' title='bbox 1536 1841 2397 1915; x_wconf 84' lang='lat' dir='ltr'>accommodatissimorum</span> 
     </span>
     <span class='ocr_line' id='line_1_13' title="bbox 281 1962 2399 2056; baseline 0.002 -24"><span class='ocrx_word' id='word_1_75' title='bbox 281 1962 699 2055; x_wconf 79' lang='lat' dir='ltr'>scriptorum</span> <span class='ocrx_word' id='word_1_76' title='bbox 757 1964 938 2037; x_wconf 86' lang='lat' dir='ltr'>serie</span> <span class='ocrx_word' id='word_1_77' title='bbox 1005 1974 1390 2056; x_wconf 87' lang='lat' dir='ltr'>perpetuus</span> <span class='ocrx_word' id='word_1_78' title='bbox 1467 1964 1640 2055; x_wconf 87' lang='lat' dir='ltr'>ipsis</span> <span class='ocrx_word' id='word_1_79' title='bbox 1714 1962 2021 2035; x_wconf 89' lang='lat' dir='ltr'>monitor</span> <span class='ocrx_word' id='word_1_80' title='bbox 2094 1964 2259 2035; x_wconf 86' lang='lat' dir='ltr'>ades</span> <span class='ocrx_word' id='word_1_81' title='bbox 2318 1985 2399 2036; x_wconf 87' lang='lat' dir='ltr'>ae</span> 
     </span>
     <span class='ocr_line' id='line_1_14' title="bbox 286 2084 2403 2179; baseline 0.002 -26"><span class='ocrx_word' id='word_1_82' title='bbox 286 2084 506 2157; x_wconf 84' lang='lat' dir='ltr'>totius</span> <span class='ocrx_word' id='word_1_83' title='bbox 559 2088 750 2157; x_wconf 86' lang='lat' dir='ltr'>vitae</span> <span class='ocrx_word' id='word_1_84' title='bbox 806 2085 1248 2173; x_wconf 83' lang='lat' dir='ltr'>moderator3</span> <span class='ocrx_word' id='word_1_85' title='bbox 1283 2106 1541 2179; x_wconf 86' lang='lat' dir='ltr'>vosque</span> <span class='ocrx_word' id='word_1_86' title='bbox 1597 2105 1840 2157; x_wconf 89' lang='lat' dir='ltr'>omnes</span> <span class='ocrx_word' id='word_1_87' title='bbox 1894 2085 2287 2168; x_wconf 81' lang='lat' dir='ltr'><strong>hortamur,</strong></span> <span class='ocrx_word' id='word_1_88' title='bbox 2326 2095 2403 2157; x_wconf 86' lang='lat' dir='ltr'>ut</span> 
     </span>
     <span class='ocr_line' id='line_1_15' title="bbox 281 2202 2403 2299; baseline 0.003 -27"><span class='ocrx_word' id='word_1_89' title='bbox 281 2202 570 2298; x_wconf 83' lang='lat' dir='ltr'>impigre</span> <span class='ocrx_word' id='word_1_90' title='bbox 625 2208 846 2278; x_wconf 90' lang='lat' dir='ltr'>labori</span> <span class='ocrx_word' id='word_1_91' title='bbox 887 2228 1017 2299; x_wconf 93' lang='lat' dir='ltr'>pro</span> <span class='ocrx_word' id='word_1_92' title='bbox 1058 2202 1192 2277; x_wconf 90' lang='lat' dir='ltr'>Dei</span> <span class='ocrx_word' id='word_1_93' title='bbox 1234 2206 1447 2297; x_wconf 80' lang='lat' dir='ltr'>gloria</span> <span class='ocrx_word' id='word_1_94' title='bbox 1487 2216 1559 2277; x_wconf 90' lang='lat' dir='ltr'>et</span> <span class='ocrx_word' id='word_1_95' title='bbox 1598 2205 1979 2276; x_wconf 79' lang='lat' dir='ltr'>animarum</span> <span class='ocrx_word' id='word_1_96' title='bbox 2020 2207 2245 2277; x_wconf 89' lang='lat' dir='ltr'>salute</span> <span class='ocrx_word' id='word_1_97' title='bbox 2283 2228 2403 2279; x_wconf 88' lang='lat' dir='ltr'>su·-</span> 
     </span>
     <span class='ocr_line' id='line_1_16' title="bbox 282 2320 2399 2416; baseline 0.001 -22"><span class='ocrx_word' id='word_1_98' title='bbox 282 2338 524 2415; x_wconf 86' lang='lat' dir='ltr'>seepto</span> <span class='ocrx_word' id='word_1_99' title='bbox 583 2327 892 2412; x_wconf 82' lang='lat' dir='ltr'>instetiS,</span> <span class='ocrx_word' id='word_1_100' title='bbox 927 2348 1006 2398; x_wconf 87' lang='lat' dir='ltr'>ao</span> <span class='ocrx_word' id='word_1_101' title='bbox 1064 2327 1587 2398; x_wconf 80' lang='lat' dir='ltr'>dilectissimam</span> <span class='ocrx_word' id='word_1_102' title='bbox 1643 2328 1819 2397; x_wconf 86' lang='lat' dir='ltr'>hanc</span> <span class='ocrx_word' id='word_1_103' title='bbox 1857 2320 2115 2395; x_wconf 75' lang='lat' dir='ltr'>Christi</span> <span class='ocrx_word' id='word_1_104' title='bbox 2174 2328 2399 2416; x_wconf 81' lang='lat' dir='ltr'>gregis</span> 
     </span>
     <span class='ocr_line' id='line_1_17' title="bbox 281 2445 2401 2539; baseline 0.001 -24"><span class='ocrx_word' id='word_1_105' title='bbox 281 2455 552 2536; x_wconf 85' lang='lat' dir='ltr'>partem</span> <span class='ocrx_word' id='word_1_106' title='bbox 607 2468 646 2517; x_wconf 89' lang='lat' dir='ltr'>a</span> <span class='ocrx_word' id='word_1_107' title='bbox 703 2450 1022 2539; x_wconf 87' lang='lat' dir='ltr'>luporum</span> <span class='ocrx_word' id='word_1_108' title='bbox 1078 2448 1364 2521; x_wconf 84' lang='lat' dir='ltr'>incursu</span> <span class='ocrx_word' id='word_1_109' title='bbox 1423 2448 1665 2529; x_wconf 90' lang='lat' dir='ltr'>tueri,</span> <span class='ocrx_word' id='word_1_110' title='bbox 1722 2446 1923 2538; x_wconf 88' lang='lat' dir='ltr'>eique</span> <span class='ocrx_word' id='word_1_111' title='bbox 1989 2445 2263 2517; x_wconf 88' lang='lat' dir='ltr'>fidelem</span> <span class='ocrx_word' id='word_1_112' title='bbox 2328 2458 2401 2518; x_wconf 89' lang='lat' dir='ltr'>et</span> 
     </span>
     <span class='ocr_line' id='line_1_18' title="bbox 283 2564 2402 2660; baseline 0 -24"><span class='ocrx_word' id='word_1_113' title='bbox 283 2564 631 2639; x_wconf 77' lang='lat' dir='ltr'>addictam</span> <span class='ocrx_word' id='word_1_114' title='bbox 688 2588 964 2641; x_wconf 88' lang='lat' dir='ltr'>servare</span> <span class='ocrx_word' id='word_1_115' title='bbox 1021 2569 1390 2653; x_wconf 88' lang='lat' dir='ltr'>conemini,</span> <span class='ocrx_word' id='word_1_116' title='bbox 1431 2590 1510 2640; x_wconf 85' lang='lat' dir='ltr'>ae</span> <span class='ocrx_word' id='word_1_117' title='bbox 1549 2568 1789 2639; x_wconf 87' lang='lat' dir='ltr'>utilem</span> <span class='ocrx_word' id='word_1_118' title='bbox 1829 2576 2187 2660; x_wconf 84' lang='lat' dir='ltr'>praestare</span> <span class='ocrx_word' id='word_1_119' title='bbox 2232 2590 2402 2639; x_wconf 87' lang='lat' dir='ltr'>eon-</span> 
     </span>
     <span class='ocr_line' id='line_1_19' title="bbox 282 2685 2401 2784; baseline 0.003 -28"><span class='ocrx_word' id='word_1_120' title='bbox 282 2688 586 2760; x_wconf 81' lang='lat' dir='ltr'>tendatis</span> <span class='ocrx_word' id='word_1_121' title='bbox 663 2690 984 2780; x_wconf 77' lang='lat' dir='ltr'>religioni</span> <span class='ocrx_word' id='word_1_122' title='bbox 1059 2691 1268 2764; x_wconf 88' lang='lat' dir='ltr'>simul</span> <span class='ocrx_word' id='word_1_123' title='bbox 1339 2702 1408 2763; x_wconf 86' lang='lat' dir='ltr'>et</span> <span class='ocrx_word' id='word_1_124' title='bbox 1471 2692 1769 2784; x_wconf 84' lang='lat' dir='ltr'>patriae.</span> <span class='ocrx_word' id='word_1_125' title='bbox 1829 2685 2079 2778; x_wconf 74' lang='lat' dir='ltr'>Omnia</span> <span class='ocrx_word' id='word_1_126' title='bbox 2134 2691 2218 2773; x_wconf 83' lang='lat' dir='ltr'>ad</span> <span class='ocrx_word' id='word_1_127' title='bbox 2271 2692 2401 2763; x_wconf 82' lang='lat' dir='ltr'>hoe</span> 
     </span>
     <span class='ocr_line' id='line_1_20' title="bbox 283 2809 2401 2905; baseline 0.006 -27"><span class='ocrx_word' id='word_1_128' title='bbox 283 2809 484 2880; x_wconf 89' lang='lat' dir='ltr'>vobis</span> <span class='ocrx_word' id='word_1_129' title='bbox 543 2812 798 2885; x_wconf 82' lang='lat' dir='ltr'>auxilia</span> <span class='ocrx_word' id='word_1_130' title='bbox 854 2813 1180 2884; x_wconf 81' lang='lat' dir='ltr'>caelestia</span> <span class='ocrx_word' id='word_1_131' title='bbox 1255 2812 1787 2905; x_wconf 78' lang='lat' dir='ltr'>necessariaque</span> <span class='ocrx_word' id='word_1_132' title='bbox 1862 2823 1935 2882; x_wconf 88' lang='lat' dir='ltr'>et</span> <span class='ocrx_word' id='word_1_133' title='bbox 2006 2823 2401 2904; x_wconf 62' lang='lat' dir='ltr'>opportuna</span> 
     </span>
     <span class='ocr_line' id='line_1_21' title="bbox 281 2928 2427 3026; baseline 0.002 -26"><span class='ocrx_word' id='word_1_134' title='bbox 281 2928 570 3005; x_wconf 82' lang='lat' dir='ltr'>divinae</span> <span class='ocrx_word' id='word_1_135' title='bbox 597 2934 862 3025; x_wconf 80' lang='lat' dir='ltr'>gratiae</span> <span class='ocrx_word' id='word_1_136' title='bbox 891 2955 1174 3016; x_wconf 80' lang='lat' dir='ltr'>munera</span> <span class='ocrx_word' id='word_1_137' title='bbox 1207 2934 1711 3025; x_wconf 76' lang='lat' dir='ltr'>adpreeamur3</span> <span class='ocrx_word' id='word_1_138' title='bbox 1740 2953 2126 3025; x_wconf 86' lang='lat' dir='ltr'>eorumque</span> <span class='ocrx_word' id='word_1_139' title='bbox 2163 2935 2427 3026; x_wconf 78' lang='lat' dir='ltr'>auspi-.</span> 
     </span>
     <span class='ocr_line' id='line_1_22' title="bbox 279 3053 2419 3145; baseline 0.002 -25"><span class='ocrx_word' id='word_1_140' title='bbox 279 3069 438 3122; x_wconf 81' lang='lat' dir='ltr'>cem</span> <span class='ocrx_word' id='word_1_141' title='bbox 491 3063 562 3122; x_wconf 89' lang='lat' dir='ltr'>et</span> <span class='ocrx_word' id='word_1_142' title='bbox 617 3065 954 3144; x_wconf 82' lang='lat' dir='ltr'>paternae</span> <span class='ocrx_word' id='word_1_143' title='bbox 1007 3067 1288 3129; x_wconf 82' lang='lat' dir='ltr'>nostrae</span> <span class='ocrx_word' id='word_1_144' title='bbox 1341 3053 1873 3126; x_wconf 84' lang='lat' dir='ltr'>benevolentiae</span> <span class='ocrx_word' id='word_1_145' title='bbox 1928 3056 2179 3145; x_wconf 84' lang='lat' dir='ltr'>pignus</span> <span class='ocrx_word' id='word_1_146' title='bbox 2238 3056 2419 3143; x_wconf 68' lang='lat' dir='ltr'>tibi,</span> 
     </span>
     <span class='ocr_line' id='line_1_23' title="bbox 282 3165 2421 3265; baseline 0.003 -25"><span class='ocrx_word' id='word_1_147' title='bbox 282 3165 554 3244; x_wconf 82' lang='lat' dir='ltr'>Dileete</span> <span class='ocrx_word' id='word_1_148' title='bbox 609 3169 769 3259; x_wconf 84' lang='lat' dir='ltr'>Fili,</span> <span class='ocrx_word' id='word_1_149' title='bbox 828 3175 1218 3249; x_wconf 83' lang='lat' dir='ltr'>rectoribus</span> <span class='ocrx_word' id='word_1_150' title='bbox 1273 3173 1618 3260; x_wconf 80' lang='lat' dir='ltr'>omnibus,</span> <span class='ocrx_word' id='word_1_151' title='bbox 1650 3172 2021 3265; x_wconf 75' lang='lat' dir='ltr'>magistris,</span> <span class='ocrx_word' id='word_1_152' title='bbox 2055 3175 2421 3264; x_wconf 56' lang='lat' dir='ltr'>suffraga-,</span> 
     </span>
     <span class='ocr_line' id='line_1_24' title="bbox 283 3293 2404 3386; baseline 0.002 -25"><span class='ocrx_word' id='word_1_153' title='bbox 283 3293 560 3366; x_wconf 88' lang='lat' dir='ltr'>toribus</span> <span class='ocrx_word' id='word_1_154' title='bbox 616 3295 890 3386; x_wconf 86' lang='lat' dir='ltr'>piarum</span> <span class='ocrx_word' id='word_1_155' title='bbox 945 3297 1276 3370; x_wconf 82' lang='lat' dir='ltr'>horumce</span> <span class='ocrx_word' id='word_1_156' title='bbox 1330 3294 1878 3380; x_wconf 84' lang='lat' dir='ltr'>institutionum,</span> <span class='ocrx_word' id='word_1_157' title='bbox 1918 3294 2404 3384; x_wconf 66' lang='lat' dir='ltr'>puerisqueet</span> 
     </span>
     <span class='ocr_line' id='line_1_25' title="bbox 281 3411 2407 3508; baseline 0.001 -24"><span class='ocrx_word' id='word_1_158' title='bbox 281 3411 852 3491; x_wconf 81' lang='lat' dir='ltr'>adolescentibus</span> <span class='ocrx_word' id='word_1_159' title='bbox 906 3414 1277 3499; x_wconf 87' lang='lat' dir='ltr'>universis,</span> <span class='ocrx_word' id='word_1_160' title='bbox 1309 3415 1424 3508; x_wconf 90' lang='lat' dir='ltr'>qui</span> <span class='ocrx_word' id='word_1_161' title='bbox 1463 3414 1729 3502; x_wconf 81' lang='lat' dir='ltr'>eisdem</span> <span class='ocrx_word' id='word_1_162' title='bbox 1768 3436 1843 3486; x_wconf 90' lang='lat' dir='ltr'>se</span> <span class='ocrx_word' id='word_1_163' title='bbox 1884 3414 2164 3484; x_wconf 86' lang='lat' dir='ltr'>tradunt</span> <span class='ocrx_word' id='word_1_164' title='bbox 2200 3435 2407 3502; x_wconf 53' lang='lat' dir='ltr'>erico,-</span> 
     </span>
     <span class='ocr_line' id='line_1_26' title="bbox 277 3513 2403 3631; baseline 0.002 -25"><span class='ocrx_word' id='word_1_165' title='bbox 277 3536 559 3623; x_wconf 85' lang='lat' dir='ltr'>lendos‚</span> <span class='ocrx_word' id='word_1_166' title='bbox 593 3533 1065 3631; x_wconf 84' lang='lat' dir='ltr'>Apostolieam</span> <span class='ocrx_word' id='word_1_167' title='bbox 1120 3533 1695 3610; x_wconf 81' lang='lat' dir='ltr'>Benedictionem</span> <span class='ocrx_word' id='word_1_168' title='bbox 1743 3513 2208 3628; x_wconf 73' lang='lat' dir='ltr'>peramanter</span> <span class='ocrx_word' id='word_1_169' title='bbox 2258 3537 2403 3611; x_wconf 78' lang='lat' dir='ltr'>im-</span> 
     </span>
     <span class='ocr_line' id='line_1_27' title="bbox 293 3663 2427 3756; baseline 0.005 -22"><span class='ocrx_word' id='word_1_170' title='bbox 293 3663 663 3756; x_wconf 78' lang='lat' dir='ltr'>pertimus,</span> <span class='ocrx_word' id='word_1_171' title='bbox 2418 3730 2427 3745; x_wconf 79' lang='lat'><strong>.</strong></span> 
     </span>
    </p>

    <p class='ocr_par' dir='ltr' id='par_1_3' title="bbox 283 3773 2419 4124">
     <span class='ocr_line' id='line_1_28' title="bbox 497 3773 2419 3876; baseline -0.002 -20"><span class='ocrx_word' id='word_1_172' title='bbox 497 3779 756 3858; x_wconf 86' lang='lat' dir='ltr'>Datum</span> <span class='ocrx_word' id='word_1_173' title='bbox 807 3779 1070 3859; x_wconf 86' lang='lat' dir='ltr'>Romae</span> <span class='ocrx_word' id='word_1_174' title='bbox 1125 3783 1316 3876; x_wconf 79' lang='lat' dir='ltr'>apud</span> <span class='ocrx_word' id='word_1_175' title='bbox 1369 3778 1448 3854; x_wconf 81' lang='lat' dir='ltr'>S.-</span> <span class='ocrx_word' id='word_1_176' title='bbox 1495 3777 1779 3858; x_wconf 86' lang='lat' dir='ltr'>Petrum</span> <span class='ocrx_word' id='word_1_177' title='bbox 1836 3783 1947 3856; x_wconf 90' lang='lat' dir='ltr'>die</span> <span class='ocrx_word' id='word_1_178' title='bbox 2000 3773 2105 3861; x_wconf 79' lang='lat'>20</span> <span class='ocrx_word' id='word_1_179' title='bbox 2162 3775 2419 3866; x_wconf 64' lang='lat' dir='ltr'>Martii,</span> 
     </span>
     <span class='ocr_line' id='line_1_29' title="bbox 283 3898 2406 3990; baseline -0.002 -7"><span class='ocrx_word' id='word_1_180' title='bbox 283 3903 492 3983; x_wconf 85' lang='lat' dir='ltr'>Anno</span> <span class='ocrx_word' id='word_1_181' title='bbox 551 3898 778 3982; x_wconf 84' lang='lat'><strong>1873.</strong></span> <span class='ocrx_word' id='word_1_182' title='bbox 837 3903 1296 3982; x_wconf 77' lang='lat' dir='ltr'>pontificatus</span> <span class='ocrx_word' id='word_1_183' title='bbox 1356 3901 1602 3981; x_wconf 83' lang='lat' dir='ltr'>Nostri.</span> <span class='ocrx_word' id='word_1_184' title='bbox 1652 3901 1869 3986; x_wconf 70' lang='lat' dir='ltr'>Auno,</span> <span class='ocrx_word' id='word_1_185' title='bbox 1937 3901 2406 3990; x_wconf 72' lang='lat' dir='ltr'>vicesimose-</span> 
     </span>
     <span class='ocr_line' id='line_1_30' title="bbox 286 4031 542 4124; baseline -0.012 -22"><span class='ocrx_word' id='word_1_186' title='bbox 286 4031 542 4124; x_wconf 87' lang='lat' dir='ltr'>ptimo.</span> 
     </span>
    </p>
   </div>
   <div class='ocr_carea' id='block_1_3' title="bbox 1058 4237 1632 4348">
    <p class='ocr_par' dir='ltr' id='par_1_4' title="bbox 1058 4237 1632 4348">
     <span class='ocr_line' id='line_1_31' title="bbox 1058 4237 1632 4348; baseline -0.009 -1"><span class='ocrx_word' id='word_1_187' title='bbox 1058 4237 1270 4348; x_wconf 59' lang='lat' dir='ltr'>puts</span> <span class='ocrx_word' id='word_1_188' title='bbox 1319 4267 1456 4346; x_wconf 86' lang='lat' dir='ltr'>PP.</span> <span class='ocrx_word' id='word_1_189' title='bbox 1512 4267 1632 4346; x_wconf 82' lang='lat' dir='ltr'>lx.</span> 
     </span>
    </p>
   </div>
  </div>
 </body>
</html>
