3292 5275
891 496 996 582 52

890 644 976 716 ad
1030 664 1152 719 cos
1203 644 1719 729 convertimus,
1776 638 1897 739 qui
1952 644 2042 721 ob
2094 646 2463 738 parentum
2516 636 2637 719 vel
2692 662 3000 737 pauper-

889 774 1133 849 tatem,
1172 765 1289 837 vel
1325 764 1791 856 ignorantiam
1832 762 2157 837 subsidiis
2192 775 2517 837 carentes
2562 762 2873 836 animum
2910 762 2997 835 ad

884 883 1218 975 pietatem
1270 895 1343 959 et
1397 884 1755 977 religionis
1807 883 2033 957 officia
2086 881 2566 979 cognoscenda
2633 882 2997 957 intendere

887 1016 1262 1098 nequeunt.
1319 1000 1558 1095 Quare
1613 1006 1969 1078 institutas
2024 1006 2176 1097 pias
2228 1005 2475 1076 domos
2508 1050 2533 1085 ,
2600 1013 2673 1075 et
2726 999 2997 1077 scholas

885 1124 1200 1219 publicas
1255 1146 1381 1219 per
1433 1124 1667 1199 varias
1719 1118 1967 1197 Almae
2022 1123 2235 1197 huius
2290 1118 2497 1195 Urbis
2550 1118 2845 1196 Nostrae
2880 1144 3001 1197 re-

883 1246 1124 1339 giones
1181 1246 1562 1341 augendae,
1622 1244 2171 1340 amplificandas,
2210 1244 2326 1317 vel
2364 1264 2581 1317 novas
2630 1244 2997 1335 erigendas

883 1368 1310 1449 curavimuS,
1368 1366 1455 1437 ad
1482 1385 1653 1457 quas
1690 1366 1894 1459 pueri
1948 1352 2412 1439 institutionis
2464 1384 2677 1437 eausa
2726 1362 2996 1437 diurnis

883 1486 1342 1561 nocturnisve
1394 1486 1588 1558 boris
1626 1485 2064 1558 accederent.
2106 1480 2289 1559 Cum
2326 1506 2501 1559 vero
2536 1483 2841 1558 maxime
2878 1506 2999 1557 cu-

885 1626 1206 1699 peremus
1229 1654 1252 1691 ,
1311 1616 1394 1680 ut
1445 1605 1843 1681 huiusmodi
1925 1604 2423 1679 beneficiorum
2476 1607 2741 1678 fructus
2794 1607 2999 1697 pueri

881 1744 924 1797 e
976 1726 1531 1819 frequentissima
1588 1726 1900 1817 regione,
1941 1746 2123 1819 quae
2180 1736 2377 1798 trans
2416 1720 2725 1798 Tiberim
2780 1723 2993 1811 iacet,

883 1845 1317 1940 acciperent,
1375 1845 1582 1920 aedes
1632 1847 1807 1917 satis
1863 1828 2123 1939 amplas
2186 1828 2349 1919 vico
2402 1866 2625 1932 novo,
2690 1864 2901 1939 quem
2954 1866 2995 1917 e

881 1964 1102 2058 gentis
1154 1960 1449 2040 Nostrae
1498 1968 1910 2057 cognomine
1968 1960 2219 2039 Mastai
2260 1963 2687 2058 appellatum
2730 1963 2997 2039 civium

881 2086 1356 2160 vastissimum
1407 2083 1795 2161 Nicotiauis
1852 2087 2038 2160 foliis
2093 2084 2535 2160 elaborandis
2600 2084 2995 2159 aedificium

881 2226 1008 2298 per
1041 2200 1185 2279 Nos
1241 2228 1465 2301 nuper
1501 2230 1544 2281 e
1581 2210 1735 2283 sole
1790 2217 2105 2283 ereetum
2155 2206 2571 2281 adeuntium
2616 2206 2997 2279 commodi-

879 2326 1003 2397 tati
1057 2329 1486 2421 aperuimus‚
1538 2322 1813 2401 Nostris
1872 2328 2268 2421 sumptibus
2322 2327 2737 2401 extruendas
2784 2347 2997 2403 cura-

878 2444 1123 2521 vimus.
1179 2442 1320 2520 Has
1363 2458 1596 2521 autem
1650 2447 1863 2522 aedes
1915 2446 2013 2521 ita
2072 2448 2305 2541 parari
2368 2448 2725 2529 iussimus,
2780 2460 2863 2522 ut
2896 2446 2995 2521 ibi

879 2560 1174 2644 Scholae
1212 2570 1452 2664 pueris
1489 2570 1796 2664 regionis
1834 2570 2377 2644 transtiberinae
2432 2568 2833 2643 erudiendis
2870 2570 2997 2644 ad-

877 2687 1052 2777 sint,
1080 2703 1160 2764 ct
1213 2688 1348 2768 viri
1403 2690 1739 2784 religiosi,
1774 2690 2031 2788 quibus
2064 2713 2185 2788 eos
2216 2689 2558 2766 docendi
2612 2691 2997 2766 instituen-

875 2807 1093 2904 dique
1145 2827 1322 2886 onus
1375 2813 1624 2895 fuerit,
1686 2825 1916 2906 aptam
1974 2811 2316 2906 fixamque
2368 2810 2674 2885 babeant
2724 2811 2991 2886 eodem·

879 2922 976 3002 Ut
1009 2941 1244 3006 'autem
1279 2949 1461 3029 quae
1499 2934 1588 3006 ad
1616 2929 1747 3006 Dei
1800 2933 2065 3006 cultum
2119 2931 2407 3025 pietatis
2452 2929 2781 3006 exercitia
2828 2953 2995 3026 per-

873 3053 1176 3144 agenda,
1206 3063 1280 3125 et
1313 3053 1504 3126 vitae
1535 3052 2095 3126 commoditatem
2152 3053 2542 3126 necessaria
2582 3052 2757 3126 inibi
2794 3075 2995 3148 prae·-

875 3175 989 3246 tto
1025 3183 1290 3258 essent.
1327 3167 1672 3246 Sacellum
1708 3172 1783 3246 in
1822 3173 2075 3246 iisdem
2126 3173 2410 3247 aedibus
2445 3183 2764 3248 erectum
2798 3177 2991 3250 onmi

871 3301 1075 3367 sacra
1127 3294 1554 3388 supellectili
1607 3294 2171 3381 exornavimus;
2225 3293 2393 3366 item
2446 3289 2766 3380 Scholaa,
2820 3309 2996 3370 eon·-

871 3413 1104 3490 clavia
1153 3425 1230 3488 et
1273 3415 1488 3488 cellas
1533 3414 1856 3508 largitate
1909 3409 2167 3490 Nostra
2220 3414 2702 3500 instruximus,
2736 3415 2995 3490 ditavi·-

867 3555 1056 3609 mus.
1115 3529 1434 3609 Tandem
1487 3537 1793 3629 vectigal
1845 3553 2127 3632 queque
2181 3531 2526 3629 religiosis
2580 3535 2807 3622 viris,
2862 3539 2991 3633 qui

867 3674 1120 3732 σοι-ιω]
1145 3651 1573 3732 scholarum
1607 3655 1927 3752 regimini
1965 3656 2426 3750 praefuerint,
2467 3655 2990 3742 consumimus,

869 3776 1066 3872 quod
1099 3795 1192 3850 ex
1220 3777 1524 3852 duarum
1575 3778 1967 3862 domorum,
2016 3795 2201 3872 quas
2251 3775 2457 3850 dictis
2492 3775 2783 3852 aedibus
2811 3799 2993 3852 con·-

870 3898 1152 3972 ianuas
1189 3908 1262 3970 et
1298 3896 1598 3992 attiguas
1631 3892 1889 3972 Nostro
1924 3907 2215 3991 sumptu
2250 3897 2517 3991 pariter
2560 3898 2992 3974 extruendas

871 4017 1382 4102 mandavimus,
1397 4016 1738 4092 reditibus
1767 4019 2217 4111 percipietur.
2238 4013 2477 4107 Quare
2503 4029 2583 4092 nt
2608 4017 2783 4092 heco
2802 4013 2995 4094 Pon·-

873 4135 1098 4211 ‘tifiuia
1120 4130 1376 4210 Nostra
1413 4137 1789 4212 liberalitas
1820 4155 2023 4211 suum
2060 4137 2299 4223 finem,
2340 4156 2549 4232 quem
2580 4133 2795 4214 Nobis
2832 4151 2995 4231 pro-

871 4253 1264 4352 posuimus,
1291 4261 1654 4345 sortietur,
1683 4269 1895 4354 atque
1935 4257 2149 4332 etiam
2178 4276 2448 4334 novum
2480 4271 2817 4352 paternae
2852 4263 2995 4334 sol·-

869 4375 1280 4468 b'citudinis,
1335 4397 1474 4476 quo
1513 4375 1761 4454 Almae
1798 4379 2005 4454 buius
2034 4375 2240 4454 Urbis
2298 4398 2553 4474 pueros
2586 4383 2997 4476 complecti·-
