<?xml version="1.0" encoding="UTF-8"?>
<!DOCTYPE html PUBLIC "-//W3C//DTD XHTML 1.0 Transitional//EN"
    "http://www.w3.org/TR/xhtml1/DTD/xhtml1-transitional.dtd">
<html xmlns="http://www.w3.org/1999/xhtml" xml:lang="en" lang="en">
 <head>
  <title>
</title>
<meta http-equiv="Content-Type" content="text/html;charset=utf-8" />
  <meta name='ocr-system' content='tesseract 3.04.00' />
  <meta name='ocr-capabilities' content='ocr_page ocr_carea ocr_par ocr_line ocrx_word'/>
</head>
<body>
  <div class='ocr_page' id='page_1' title='image "./piiixpontificis01ixgoog_0688.png"; bbox 0 0 3292 5275; ppageno 0'>
   <div class='ocr_carea' id='block_1_1' title="bbox 865 505 2629 739">
    <p class='ocr_par' dir='ltr' id='par_1_1' title="bbox 865 505 2629 739">
     <span class='ocr_line' id='line_1_1' title="bbox 865 505 2629 739; baseline 0 -3"><span class='ocrx_word' id='word_1_1' title='bbox 865 505 1024 670; x_wconf 43' lang='lat'><strong>29⁴</strong></span> <span class='ocrx_word' id='word_1_2' title='bbox 1239 643 1791 737; x_wconf 73' lang='lat' dir='ltr'><strong>LITTERAE</strong></span> <span class='ocrx_word' id='word_1_3' title='bbox 1858 640 2629 739; x_wconf 84' lang='lat' dir='ltr'><strong>APOSTOLICAE</strong></span> 
     </span>
    </p>
   </div>
   <div class='ocr_carea' id='block_1_2' title="bbox 1564 1970 2305 2074">
    <p class='ocr_par' dir='ltr' id='par_1_2' title="bbox 1564 1970 2305 2074">
     <span class='ocr_line' id='line_1_2' title="bbox 1564 1970 2305 2074; baseline 0.003 -6"><span class='ocrx_word' id='word_1_4' title='bbox 1564 1971 1821 2074; x_wconf 89' lang='lat' dir='ltr'><strong>PIVS</strong></span> <span class='ocrx_word' id='word_1_5' title='bbox 1893 1972 2061 2070; x_wconf 89' lang='grc' dir='ltr'><strong>ΡΡ.</strong></span> <span class='ocrx_word' id='word_1_6' title='bbox 2148 1970 2305 2070; x_wconf 87' lang='grc' dir='ltr'><strong>ΙΧ.</strong></span> 
     </span>
    </p>
   </div>
   <div class='ocr_carea' id='block_1_3' title="bbox 1427 2373 2425 2451">
    <p class='ocr_par' dir='ltr' id='par_1_3' title="bbox 1427 2373 2425 2451">
     <span class='ocr_line' id='line_1_3' title="bbox 1427 2373 2425 2451; baseline 0 -3"><span class='ocrx_word' id='word_1_7' title='bbox 1427 2400 1508 2450; x_wconf 68' lang='lat' dir='ltr'><strong>An</strong></span> <span class='ocrx_word' id='word_1_8' title='bbox 1562 2397 1858 2449; x_wconf 69' lang='lat' dir='ltr'><strong>rvrvnu</strong></span> <span class='ocrx_word' id='word_1_9' title='bbox 1913 2373 2015 2449; x_wconf 73' lang='lat' dir='ltr'><strong>nai</strong></span> <span class='ocrx_word' id='word_1_10' title='bbox 2074 2398 2425 2451; x_wconf 73' lang='lat' dir='ltr'><strong>nsnoaun.</strong></span> 
     </span>
    </p>
   </div>
   <div class='ocr_carea' id='block_1_4' title="bbox 871 2742 3016 4497">
    <p class='ocr_par' dir='ltr' id='par_1_4' title="bbox 871 2742 3016 4497">
     <span class='ocr_line' id='line_1_4' title="bbox 878 2742 3009 2927; baseline -0.001 -18"><span class='ocrx_word' id='word_1_11' title='bbox 878 2742 1005 2909; x_wconf 81' lang='grc' dir='ltr'><strong>Α</strong></span> <span class='ocrx_word' id='word_1_12' title='bbox 1025 2850 1236 2908; x_wconf 76' lang='lat' dir='ltr'><strong>roano</strong></span> <span class='ocrx_word' id='word_1_13' title='bbox 1267 2828 1552 2907; x_wconf 77' lang='lat' dir='ltr'><strong>divinae</strong></span> <span class='ocrx_word' id='word_1_14' title='bbox 1593 2828 2073 2927; x_wconf 77' lang='lat' dir='ltr'><strong>providentiae</strong></span> <span class='ocrx_word' id='word_1_15' title='bbox 2104 2832 2399 2906; x_wconf 74' lang='lat' dir='ltr'><strong>consilio</strong></span> <span class='ocrx_word' id='word_1_16' title='bbox 2428 2828 2741 2907; x_wconf 78' lang='lat' dir='ltr'><strong>Pastoris</strong></span> <span class='ocrx_word' id='word_1_17' title='bbox 2774 2844 3009 2909; x_wconf 82' lang='lat' dir='ltr'><strong>aeter·</strong></span> 
     </span>
     <span class='ocr_line' id='line_1_5' title="bbox 873 2950 3005 3049; baseline 0.001 -22"><span class='ocrx_word' id='word_1_18' title='bbox 873 2954 946 3027; x_wconf 89' lang='grc' dir='ltr'><strong>11ἰ</strong></span> <span class='ocrx_word' id='word_1_19' title='bbox 1001 2952 1194 3029; x_wconf 81' lang='lat' dir='ltr'><strong>vices</strong></span> <span class='ocrx_word' id='word_1_20' title='bbox 1249 2953 1361 3028; x_wconf 81' lang='lat' dir='ltr'><strong>hie</strong></span> <span class='ocrx_word' id='word_1_21' title='bbox 1417 2950 1488 3029; x_wconf 81' lang='lat' dir='ltr'><strong>in</strong></span> <span class='ocrx_word' id='word_1_22' title='bbox 1545 2954 1785 3039; x_wconf 81' lang='lat' dir='ltr'><strong>terris,</strong></span> <span class='ocrx_word' id='word_1_23' title='bbox 1828 2952 2037 3026; x_wconf 79' lang='lat' dir='ltr'><strong>nuliis</strong></span> <span class='ocrx_word' id='word_1_24' title='bbox 2074 2954 2352 3049; x_wconf 86' lang='lat' dir='ltr'><strong>quidem</strong></span> <span class='ocrx_word' id='word_1_25' title='bbox 2400 2956 2660 3029; x_wconf 84' lang='lat' dir='ltr'><strong>nostris</strong></span> <span class='ocrx_word' id='word_1_26' title='bbox 2698 2958 3005 3041; x_wconf 66' lang='lat' dir='ltr'><strong>meritis),</strong></span> 
     </span>
     <span class='ocr_line' id='line_1_6' title="bbox 877 3072 3003 3169; baseline -0.001 -20"><span class='ocrx_word' id='word_1_27' title='bbox 877 3072 1243 3161; x_wconf 85' lang='lat' dir='ltr'><strong>obeuntes,</strong></span> <span class='ocrx_word' id='word_1_28' title='bbox 1285 3094 1371 3148; x_wconf 83' lang='lat' dir='ltr'><strong>ea</strong></span> <span class='ocrx_word' id='word_1_29' title='bbox 1427 3086 1808 3169; x_wconf 83' lang='lat' dir='ltr'><strong>praestare,</strong></span> <span class='ocrx_word' id='word_1_30' title='bbox 1848 3088 2189 3169; x_wconf 78' lang='lat' dir='ltr'><strong>quantum</strong></span> <span class='ocrx_word' id='word_1_31' title='bbox 2228 3086 2335 3148; x_wconf 84' lang='lat' dir='ltr'><strong>est</strong></span> <span class='ocrx_word' id='word_1_32' title='bbox 2370 3074 2577 3150; x_wconf 84' lang='lat' dir='ltr'><strong>situm</strong></span> <span class='ocrx_word' id='word_1_33' title='bbox 2634 3078 2711 3147; x_wconf 86' lang='lat' dir='ltr'><strong>in</strong></span> <span class='ocrx_word' id='word_1_34' title='bbox 2750 3072 3003 3161; x_wconf 82' lang='lat' dir='ltr'><strong>Nobis,</strong></span> 
     </span>
     <span class='ocr_line' id='line_1_7' title="bbox 871 3190 3011 3293; baseline 0 -24"><span class='ocrx_word' id='word_1_35' title='bbox 871 3206 1339 3285; x_wconf 86' lang='lat' dir='ltr'><strong>maturamus,</strong></span> <span class='ocrx_word' id='word_1_36' title='bbox 1383 3214 1563 3293; x_wconf 87' lang='lat' dir='ltr'><strong>quae</strong></span> <span class='ocrx_word' id='word_1_37' title='bbox 1619 3190 1989 3271; x_wconf 82' lang='lat' dir='ltr'><strong>Dominico</strong></span> <span class='ocrx_word' id='word_1_38' title='bbox 2048 3196 2259 3289; x_wconf 75' lang='lat' dir='ltr'><strong>gregi,</strong></span> <span class='ocrx_word' id='word_1_39' title='bbox 2298 3198 2503 3281; x_wconf 83' lang='lat' dir='ltr'><strong>bene,</strong></span> <span class='ocrx_word' id='word_1_40' title='bbox 2543 3216 2885 3291; x_wconf 78' lang='lat' dir='ltr'><strong>prospere</strong></span> <span class='ocrx_word' id='word_1_41' title='bbox 2928 3216 3011 3270; x_wconf 81' lang='lat' dir='ltr'><strong>ae</strong></span> 
     </span>
     <span class='ocr_line' id='line_1_8' title="bbox 871 3311 3011 3410; baseline 0 -20"><span class='ocrx_word' id='word_1_42' title='bbox 871 3311 1168 3390; x_wconf 75' lang='lat' dir='ltr'><strong>feliciter</strong></span> <span class='ocrx_word' id='word_1_43' title='bbox 1241 3314 1606 3391; x_wconf 77' lang='lat' dir='ltr'><strong>evenient.</strong></span> <span class='ocrx_word' id='word_1_44' title='bbox 1666 3312 1844 3391; x_wconf 87' lang='lat' dir='ltr'><strong>Cum</strong></span> <span class='ocrx_word' id='word_1_45' title='bbox 1924 3314 2159 3410; x_wconf 82' lang='lat' dir='ltr'><strong>itaque</strong></span> <span class='ocrx_word' id='word_1_46' title='bbox 2232 3312 2675 3390; x_wconf 78' lang='lat' dir='ltr'><strong>Venerabilis</strong></span> <span class='ocrx_word' id='word_1_47' title='bbox 2750 3312 3011 3393; x_wconf 76' lang='lat' dir='ltr'><strong>Frater</strong></span> 
     </span>
     <span class='ocr_line' id='line_1_9' title="bbox 874 3428 3009 3531; baseline 0 -21"><span class='ocrx_word' id='word_1_48' title='bbox 874 3428 1456 3531; x_wconf 70' lang='lat' dir='ltr'><strong>Arebiepiscopus</strong></span> <span class='ocrx_word' id='word_1_49' title='bbox 1495 3432 1929 3509; x_wconf 83' lang='lat' dir='ltr'><strong>Torontinus</strong></span> <span class='ocrx_word' id='word_1_50' title='bbox 1986 3438 2057 3509; x_wconf 89' lang='lat' dir='ltr'><strong>in</strong></span> <span class='ocrx_word' id='word_1_51' title='bbox 2094 3434 2447 3531; x_wconf 80' lang='lat' dir='ltr'><strong>Superiori</strong></span> <span class='ocrx_word' id='word_1_52' title='bbox 2474 3432 2794 3525; x_wconf 83' lang='lat' dir='ltr'><strong>Canada,</strong></span> <span class='ocrx_word' id='word_1_53' title='bbox 2836 3438 3009 3511; x_wconf 80' lang='lat' dir='ltr'><strong>alii-</strong></span> 
     </span>
     <span class='ocr_line' id='line_1_10' title="bbox 873 3548 3011 3651; baseline 0.001 -22"><span class='ocrx_word' id='word_1_54' title='bbox 873 3574 1013 3651; x_wconf 83' lang='lat' dir='ltr'><strong>que</strong></span> <span class='ocrx_word' id='word_1_55' title='bbox 1049 3574 1292 3630; x_wconf 83' lang='lat' dir='ltr'><strong>omnes</strong></span> <span class='ocrx_word' id='word_1_56' title='bbox 1331 3548 1871 3630; x_wconf 74' lang='lat' dir='ltr'><strong>Ecclesiasticae</strong></span> <span class='ocrx_word' id='word_1_57' title='bbox 1926 3556 2139 3629; x_wconf 83' lang='lat' dir='ltr'><strong>huius</strong></span> <span class='ocrx_word' id='word_1_58' title='bbox 2170 3553 2587 3631; x_wconf 78' lang='lat' dir='ltr'><strong>Provinciae</strong></span> <span class='ocrx_word' id='word_1_59' title='bbox 2622 3552 3011 3632; x_wconf 78' lang='lat' dir='ltr'><strong>Praesules</strong></span> 
     </span>
     <span class='ocr_line' id='line_1_11' title="bbox 876 3657 3011 3771; baseline 0 -21"><span class='ocrx_word' id='word_1_60' title='bbox 876 3657 1094 3750; x_wconf 78' lang='lat' dir='ltr'><strong>Nobis</strong></span> <span class='ocrx_word' id='word_1_61' title='bbox 1151 3674 1641 3771; x_wconf 79' lang='lat' dir='ltr'><strong>exposuerim,</strong></span> <span class='ocrx_word' id='word_1_62' title='bbox 1681 3678 1753 3749; x_wconf 88' lang='lat' dir='ltr'><strong>in</strong></span> <span class='ocrx_word' id='word_1_63' title='bbox 1808 3680 2047 3751; x_wconf 85' lang='lat' dir='ltr'><strong>eadem</strong></span> <span class='ocrx_word' id='word_1_64' title='bbox 2086 3672 2581 3752; x_wconf 82' lang='lat' dir='ltr'><strong>Ecclesiastiea</strong></span> <span class='ocrx_word' id='word_1_65' title='bbox 2616 3676 3011 3753; x_wconf 78' lang='lat' dir='ltr'><strong>Provincia</strong></span> 
     </span>
     <span class='ocr_line' id='line_1_12' title="bbox 876 3796 3011 3889; baseline 0.004 -22"><span class='ocrx_word' id='word_1_66' title='bbox 876 3798 1343 3871; x_wconf 79' lang='lat' dir='ltr'><strong>vastissimam</strong></span> <span class='ocrx_word' id='word_1_67' title='bbox 1425 3818 1576 3869; x_wconf 84' lang='lat' dir='ltr'><strong>esse</strong></span> <span class='ocrx_word' id='word_1_68' title='bbox 1656 3798 2011 3889; x_wconf 84' lang='lat' dir='ltr'><strong>regionem</strong></span> <span class='ocrx_word' id='word_1_69' title='bbox 2043 3847 2063 3883; x_wconf 91' lang='lat'><strong>,</strong></span> <span class='ocrx_word' id='word_1_70' title='bbox 2120 3799 2322 3872; x_wconf 80' lang='lat' dir='ltr'><strong>euius</strong></span> <span class='ocrx_word' id='word_1_71' title='bbox 2396 3796 2585 3873; x_wconf 84' lang='lat' dir='ltr'><strong>intra</strong></span> <span class='ocrx_word' id='word_1_72' title='bbox 2662 3804 3011 3875; x_wconf 71' lang='lat' dir='ltr'><strong>terminos</strong></span> 
     </span>
     <span class='ocr_line' id='line_1_13' title="bbox 877 3916 3013 4014; baseline 0.002 -24"><span class='ocrx_word' id='word_1_73' title='bbox 877 3916 1285 3991; x_wconf 83' lang='lat' dir='ltr'><strong>commorari</strong></span> <span class='ocrx_word' id='word_1_74' title='bbox 1342 3918 1544 3991; x_wconf 81' lang='lat' dir='ltr'><strong>multi</strong></span> <span class='ocrx_word' id='word_1_75' title='bbox 1601 3930 2007 4011; x_wconf 81' lang='lat' dir='ltr'><strong>coeperunt,</strong></span> <span class='ocrx_word' id='word_1_76' title='bbox 2047 3920 2227 3992; x_wconf 87' lang='lat' dir='ltr'><strong>inter</strong></span> <span class='ocrx_word' id='word_1_77' title='bbox 2281 3942 2459 4014; x_wconf 84' lang='lat' dir='ltr'><strong>quos</strong></span> <span class='ocrx_word' id='word_1_78' title='bbox 2513 3932 2594 3995; x_wconf 82' lang='lat' dir='ltr'><strong>ut</strong></span> <span class='ocrx_word' id='word_1_79' title='bbox 2630 3916 3013 3994; x_wconf 82' lang='lat' dir='ltr'><strong>Catholica</strong></span> 
     </span>
     <span class='ocr_line' id='line_1_14' title="bbox 879 4034 3016 4133; baseline 0.002 -24"><span class='ocrx_word' id='word_1_80' title='bbox 879 4038 1120 4130; x_wconf 81' lang='lat' dir='ltr'><strong>religio</strong></span> <span class='ocrx_word' id='word_1_81' title='bbox 1175 4040 1395 4133; x_wconf 80' lang='lat' dir='ltr'><strong>magis</strong></span> <span class='ocrx_word' id='word_1_82' title='bbox 1449 4038 1724 4123; x_wconf 72' lang='lat' dir='ltr'><strong>floreat,</strong></span> <span class='ocrx_word' id='word_1_83' title='bbox 1784 4034 2178 4132; x_wconf 80' lang='lat' dir='ltr'><strong>Episcopali</strong></span> <span class='ocrx_word' id='word_1_84' title='bbox 2234 4042 2651 4114; x_wconf 82' lang='lat' dir='ltr'><strong>auctoritate</strong></span> <span class='ocrx_word' id='word_1_85' title='bbox 2722 4052 2795 4113; x_wconf 85' lang='lat' dir='ltr'><strong>et</strong></span> <span class='ocrx_word' id='word_1_86' title='bbox 2852 4044 3016 4113; x_wconf 86' lang='lat' dir='ltr'><strong>sol-</strong></span> 
     </span>
     <span class='ocr_line' id='line_1_15' title="bbox 877 4154 3015 4253; baseline 0.001 -24"><span class='ocrx_word' id='word_1_87' title='bbox 877 4158 1248 4232; x_wconf 79' lang='lat' dir='ltr'><strong>lieitudine</strong></span> <span class='ocrx_word' id='word_1_88' title='bbox 1305 4159 1707 4231; x_wconf 82' lang='lat' dir='ltr'><strong>immediata</strong></span> <span class='ocrx_word' id='word_1_89' title='bbox 1764 4178 1938 4253; x_wconf 89' lang='lat' dir='ltr'><strong>opus</strong></span> <span class='ocrx_word' id='word_1_90' title='bbox 1996 4170 2147 4245; x_wconf 80' lang='lat' dir='ltr'><strong>est,</strong></span> <span class='ocrx_word' id='word_1_91' title='bbox 2202 4154 2342 4233; x_wconf 88' lang='lat' dir='ltr'><strong>Nos</strong></span> <span class='ocrx_word' id='word_1_92' title='bbox 2400 4182 2549 4233; x_wconf 85' lang='lat' dir='ltr'><strong>rem</strong></span> <span class='ocrx_word' id='word_1_93' title='bbox 2604 4162 3015 4234; x_wconf 84' lang='lat' dir='ltr'><strong>communi-</strong></span> 
     </span>
     <span class='ocr_line' id='line_1_16' title="bbox 876 4272 3009 4354; baseline 0 -3"><span class='ocrx_word' id='word_1_94' title='bbox 876 4281 1192 4352; x_wconf 80' lang='lat' dir='ltr'><strong>cavimus</strong></span> <span class='ocrx_word' id='word_1_95' title='bbox 1235 4299 1396 4353; x_wconf 88' lang='lat' dir='ltr'><strong>cum</strong></span> <span class='ocrx_word' id='word_1_96' title='bbox 1427 4272 1964 4352; x_wconf 72' lang='lat' dir='ltr'><strong>venerabilibus·</strong></span> <span class='ocrx_word' id='word_1_97' title='bbox 1990 4274 2347 4353; x_wconf 69' lang='lat' dir='ltr'><strong>Fratribus</strong></span> <span class='ocrx_word' id='word_1_98' title='bbox 2385 4276 2663 4354; x_wconf 72' lang='lat' dir='ltr'><strong>Nostris</strong></span> <span class='ocrx_word' id='word_1_99' title='bbox 2698 4278 2770 4353; x_wconf 88' lang='lat' dir='ltr'><strong>S.</strong></span> <span class='ocrx_word' id='word_1_100' title='bbox 2794 4278 2883 4353; x_wconf 76' lang='lat' dir='ltr'><strong>R.</strong></span> <span class='ocrx_word' id='word_1_101' title='bbox 2914 4274 3009 4352; x_wconf 78' lang='lat' dir='ltr'><strong>E.</strong></span> 
     </span>
     <span class='ocr_line' id='line_1_17' title="bbox 877 4392 3005 4497; baseline 0.001 -25"><span class='ocrx_word' id='word_1_102' title='bbox 877 4392 1370 4474; x_wconf 77' lang='lat' dir='ltr'><strong>Cardinalibus</strong></span> <span class='ocrx_word' id='word_1_103' title='bbox 1399 4394 1717 4493; x_wconf 77' lang='lat' dir='ltr'><strong>Negotiis</strong></span> <span class='ocrx_word' id='word_1_104' title='bbox 1758 4396 1955 4473; x_wconf 86' lang='lat' dir='ltr'><strong>Fidei</strong></span> <span class='ocrx_word' id='word_1_105' title='bbox 1994 4404 2483 4497; x_wconf 76' lang='lat' dir='ltr'><strong>propagandae</strong></span> <span class='ocrx_word' id='word_1_106' title='bbox 2538 4403 3005 4497; x_wconf 75' lang='lat' dir='ltr'><strong>praepositis,</strong></span> 
     </span>
    </p>
   </div>
  </div>
 </body>
</html>
