3292 5275
1088 635 1613 711 providissimus
1697 640 1932 712 autem
1990 634 2180 711 Deus
2235 638 2354 731 qui
2431 637 2615 709 laeta
2675 638 2996 711 tristibus

878 762 1173 835 miscere
1228 757 1623 843 consuevit,¹
1659 760 1884 831 dolori
1921 754 2177 833 Nostro
2232 757 2684 830 lenimentum
2741 780 2824 830 ac
2883 780 2999 831 so-

878 882 1105 955 lamen
1160 878 1479 975 praebuit
1532 880 1605 951 in
1663 878 1800 953 fide
1855 890 1928 951 et
1983 878 2409 961 constantia,
2447 900 2588 971 qua
2644 890 2718 951 et
2775 900 2998 973 popu-

877 1004 989 1075 lus
1046 1012 1119 1074 et
1170 1000 1398 1073 clerus
1434 1000 1952 1091 patriarchatus
1991 996 2194 1070 istius
2231 1018 2394 1092 erga
2433 1000 2825 1090 legitimum
2863 994 3001 1073 Pa-

880 1122 1260 1203 triarcham
1316 1131 1389 1193 et
1444 1121 1629 1193 hanc
1666 1116 2150 1215 Apostolicam
2186 1114 2440 1191 Sedem
2495 1120 2606 1191 usi
2661 1132 2856 1207 sunt3
2911 1143 2998 1194 ac

880 1244 1325 1339 potissimum
1381 1242 1455 1311 in
1507 1237 1755 1324 Vobis,
1813 1235 1992 1312 Ven.
2049 1235 2365 1322 Fratres„
2421 1241 2546 1333 qui
2627 1238 2700 1310 in
2765 1242 2996 1315 officio

876 1374 1287 1437 constanter
1343 1372 1858 1456 permanentes,
1913 1359 2156 1434 fideles
2213 1370 2492 1435 vestrae
2547 1382 2760 1433 curae
2822 1382 3001 1433 con·

880 1484 1178 1558 creditos
1232 1504 1274 1555 a
1328 1482 1894 1555 commemoratis
1947 1480 2306 1554 erroribus
2351 1492 2427 1555 et
2461 1481 2828 1554 fraudibus
2885 1482 3000 1553 in-

879 1608 1192 1678 columes
1248 1622 1527 1678 servare
1582 1601 1960 1675 studuistis
2017 1611 2230 1695 atque
2285 1601 2613 1673 studetis.

1112 1719 1491 1797 Caeterum
1577 1722 1768 1813 ipsos
1845 1717 2516 1795 Neo-schismaticos
2543 1770 2564 1807 ,
2649 1722 2996 1815 imprimis

876 1866 1047 1921 vero
1084 1844 1239 1918 illos
1274 1840 1664 1937 Episcopus
1691 1841 1813 1936 qui
1845 1853 2037 1914 tanto
2071 1864 2232 1915 eum
2269 1838 2524 1915 Nostro
2561 1854 2634 1915 et
2679 1846 2994 1919 omnium

878 1968 1221 2041 bonorum
1276 1968 1469 2038 luctu
1508 1966 1599 2036 ab
1638 1962 1907 2037 unitate
1943 1960 2302 2036 Catholica
2355 1962 2792 2051 defecerunt,
2831 1965 3000 2038 hor·-

882 2098 1136 2173 tamur‚
1165 2096 1245 2158 ut
1281 2085 1605 2178 quoniam
1641 2095 2149 2175 peccaverunt,
2177 2104 2324 2155 non
2353 2080 2684 2155 adiiciant
2714 2084 2994 2157 iterum.

878 2202 1182 2279 Videant
1214 2227 1360 2300 quo
1395 2206 1680 2277 demum
1735 2204 2122 2286 evaserint,
2163 2215 2662 2299 quamtamque
2716 2208 3002 2297 procel·-

880 2328 1022 2399 lam
1062 2328 1133 2397 in
1172 2322 1538 2399 Catholica
1561 2321 1892 2398 Armenia
1931 2320 2252 2397 Ecclesia
2287 2322 2774 2398 excitaverint.
2805 2321 3001 2399 Haec

878 2446 1168 2542 quidem
1222 2448 1447 2520 donec
1504 2446 1569 2517 in
1629 2440 1894 2518 Petrae
1945 2468 1986 2517 a
2042 2438 2325 2517 Christo
2381 2448 2652 2538 positae
2705 2444 3002 2519 firmita-

881 2579 951 2641 te
1007 2567 1405 2642 constiterit
1432 2614 1457 2655 ,
1512 2566 1863 2657 submergi
1945 2586 2082 2639 non
2141 2563 2446 2658 poterit:
2502 2564 2630 2660 ipsi
2699 2586 2870 2640 vero
2923 2578 2994 2639 et

878 2689 1143 2773 cuncti,
1184 2685 1325 2784 'qui
1378 2691 1485 2761 eis
1541 2687 1953 2772 adhaerent,
1995 2687 2460 2781 perpendant,
2513 2709 2726 2782 quam
2782 2710 2998 2780 grave

878 2810 969 2883 sit
1020 2831 1061 2884 a
1115 2831 1284 2881 vera
1319 2805 1585 2882 Christi
1626 2799 1942 2881 Ecclesia
1997 2808 2330 2880 defecisse
2368 2821 2440 2880 et
2479 2809 2566 2880 ab
2621 2811 2772 2882 eius
2827 2812 3000 2884 uni-

877 2943 1027 3004 tate
1081 2932 1296 3004 fuisse
1352 2929 1692 3004 divulsos.
1749 2924 1905 3001 Etsi
1962 2931 2154 3001 enim
2208 2930 2434 3002 adhuc
2487 2951 2564 3003 se
2619 2930 2999 3004 catholicos

878 3053 1237 3146 appellare
1292 3050 1566 3134 velint,
1624 3049 1834 3122 factis
1917 3063 2152 3121 tamen
2231 3049 2398 3144 ipsis
2455 3050 2625 3137 suiS,
2699 3050 2868 3145 quin
2921 3064 3000 3124 et

876 3172 1161 3266 proprio
1240 3169 1721 3243 eonscientiae
1803 3167 2060 3243 iudicio
2143 3171 2404 3244 erroris
2483 3171 2999 3245 convincantur

876 3302 1177 3385 oportet.
1240 3287 1382 3381 Qui
1436 3288 1627 3362 enim
1665 3285 2053 3375 Ecclesiae,
2094 3301 2175 3362 ut
2211 3291 2314 3363 ait
2361 3293 2543 3364 idem
2581 3289 2657 3364 S.
2697 3287 3002 3387 Cypria-

877 3433 1013 3486 nus
1086 3404 1193 3508 (1)
1226 3459 1251 3499 ,
1314 3409 1651 3482 renititur
1688 3460 1709 3495 ,
1764 3409 1888 3508 qui
1967 3405 2398 3484 cathedram
2451 3409 2658 3484 Petri
2687 3461 2708 3492 ,
2781 3437 3000 3512 super
3075 3399 3078 3402 ⁹

875 3553 1095 3630 quam
1147 3527 1449 3630 fundata
1502 3543 1602 3602 est
1660 3525 1982 3602 Ecclesia
2035 3527 2300 3604 deserit
2329 3581 2350 3618 ,
2414 3529 2492 3603 in
2547 3528 2872 3606 Ecclesia
2921 3557 2998 3606 se

876 3673 1021 3724 esse
1076 3648 1418 3750 conlidit?
1478 3645 1708 3724 Nemo
1759 3649 2282 3748 fraternitatem
2333 3648 2704 3724 mendacio
2755 3651 2987 3750 fallat.

874 3769 1195 3846 Redeant
1251 3773 1467 3863 igitur
1522 3771 2092 3864 praevaricantes
2151 3772 2235 3842 ad
2289 3794 2454 3858 cor,
2509 3785 2580 3845 et
2634 3775 2865 3847 sciant
2919 3777 2994 3848 iu

878 3889 1286 3986 Apostolica
1342 3888 1525 3964 Sede
1580 3911 1722 3965 non
1777 3893 2002 3966 solum
2057 3889 2362 3965 Iudicem
2417 3893 2685 3979 sedere,
2741 3895 2864 3990 qui
2921 3897 2994 3968 in

873 4023 1201 4106 promptu
1254 4013 1467 4084 habet
1502 4013 1751 4085 ulcisci
1787 4033 2057 4085 omnem
2113 4011 2690 4103 inobedientiam,
2745 4037 2994 4091 verum

874 4135 1085 4206 etiam
1150 4129 1434 4206 Patrem
1516 4134 2078 4206 amantissimum
2106 4183 2129 4221 ,
2183 4133 2306 4227 qui
2382 4144 2702 4208 errantes
2757 4135 2936 4210 filios
2969 4185 2991 4221 ‚

1036 4391 1117 4476 (1)
1159 4391 1221 4458 S.
1266 4389 1566 4476 Cyprian.
1608 4395 1723 4458 lib.
1767 4395 1846 4458 de
1889 4391 2062 4458 Unit.
2097 4391 2344 4458 Eccles.
