3292 5275
344 635 591 696 contra
674 641 871 694 omne
926 621 1023 694 fas
1078 623 1364 704 retinet,
1423 619 1647 694 veluti
1733 621 2228 706 substantiam,
2285 643 2468 714 quae

345 743 583 837 ipsum
634 742 1005 835 contingat.
1049 737 1237 812 Fieri
1276 763 1417 815 non
1444 751 1736 833 potest,
1794 736 2244 814 venerabiles
2296 737 2470 815 Fra·-

347 873 517 950 tres,
572 861 739 958 quin
794 863 1245 936 vehementer
1282 862 1373 934 ob
1435 863 1619 934 banc
1679 870 1820 934 tam
1879 861 2218 935 nefariam
2255 879 2468 939 usur-

343 985 727 1074 pationem,
762 1003 975 1076 quam
1016 979 1351 1074 patimur,
1392 1001 1831 1070 moveamur.
1864 977 2210 1070 Angimur
2237 984 2470 1054 omni-

344 1124 439 1177 no
476 1112 675 1178 tanta
730 1103 1107 1194 iniquitate
1144 1103 1417 1174 consilii
1456 1102 1644 1194 quod
1683 1123 1768 1174 co
1809 1110 2112 1194 spectat,
2151 1112 2229 1172 ut
2267 1101 2460 1174 civili

338 1217 601 1294 Nostro
654 1218 1069 1314 Principatu
1152 1223 1411 1307 deleto,
1467 1243 1607 1296 una
1659 1221 2040 1314 eademque
2101 1240 2344 1313 opera,
2401 1223 2462 1293 si

342 1342 443 1412 ita
476 1343 759 1414 evenire
798 1352 1055 1434 posset,
1084 1340 1473 1434 spiritualis
1510 1335 1770 1414 Nostra
1807 1351 2010 1432 potes
2023 1350 2130 1412 tas
2159 1351 2232 1412 et
2267 1336 2467 1412 Chri-

342 1462 433 1534 sti
490 1481 777 1552 regnum
832 1462 906 1532 in
965 1461 1167 1534 terris
1208 1461 1557 1536 deleatur.
1600 1457 1943 1554 Angimur
2000 1472 2108 1533 tot
2152 1462 2466 1554 gravium

342 1579 681 1654 malorum
718 1581 1087 1673 adspectu,
1124 1601 1367 1654 eorum
1426 1581 1839 1674 praesertim
1877 1580 2132 1674 quibus
2177 1592 2464 1656 aeterna

340 1703 579 1796 populi
612 1697 853 1776 Nostri
890 1703 1083 1774 salus
1116 1703 1189 1774 in
1220 1701 1597 1776 discrimen
1628 1710 1964 1788 vocatur3
1989 1723 2134 1794 qua
2161 1702 2228 1772 in
2267 1722 2466 1775 acer-

340 1821 564 1894 bitate
620 1823 796 1896 nibil
880 1817 1097 1895 Nobis
1154 1833 1267 1894 est
1316 1823 1716 1898 luctuosius
1799 1843 2006 1916 quam
2089 1840 2464 1914 oppressae

338 1935 635 2030 Nostrae
686 1943 1037 2016 libertatis
1092 1942 1489 2017 conditione
1526 1943 1880 2036 impediri,
1933 1942 2306 2036 quominus
2356 1955 2460 2018 tot

336 2064 545 2136 malis
582 2060 977 2136 neccssaria
1015 2063 1325 2136 remedia
1362 2063 1850 2138 adhibeamus.
1882 2057 2092 2136 Hisce
2119 2064 2460 2138 moeroris

334 2177 571 2256 Nostri
600 2183 859 2268 causis,
888 2178 1341 2256 venerabiles
1371 2179 1688 2268 Fratres,
1715 2183 1989 2256 accedit
2015 2185 2229 2268 etiam
2259 2184 2456 2278 longa

334 2303 455 2376 illa
480 2314 554 2376 et
578 2303 973 2396 miseranda
1014 2304 1233 2378 series
1268 2303 1743 2379 calamitatum
1771 2315 1845 2377 et
1873 2304 2244 2391 malorum,
2273 2327 2458 2402 quae

334 2422 817 2514 nobilissimam
854 2419 1197 2497 Gallicam
1252 2419 1621 2498 Nationem
1687 2425 1951 2498 tamdiu
2011 2425 2460 2517 perculerunt

334 2556 409 2616 ct
460 2543 898 2630 afflixerunt3
952 2565 1135 2639 quae
1186 2547 1261 2616 in
1316 2547 1724 2618 immensum
1781 2545 1894 2616 his
1949 2544 2190 2618 diebus
2247 2559 2456 2622 aucta

332 2676 438 2737 tot
473 2687 762 2758 prorsus
802 2666 1145 2740 inauditis
1184 2666 1583 2739 excessibus
1613 2667 1704 2739 ab
1737 2664 2029 2739 efferata
2067 2688 2150 2741 ac
2181 2666 2454 2759 perdita

330 2784 691 2861 bominum
742 2787 1051 2860 colluvie
1109 2788 1435 2879 patratis„
1494 2797 1710 2881 atque
1769 2796 1972 2859 atrox
2039 2787 2456 2861 nominatim

330 2908 527 3000 impii
583 2908 942 2999 parricidii
1000 2908 1231 2981 scelus
1286 2908 1359 2979 in
1412 2907 1627 2979 caede
1684 2902 2126 2979 Venerabilis
2180 2904 2452 2981 Fratris

328 3022 749 3101 Parisiensis
804 3024 1163 3099 Antistitis
1220 3039 1782 3102 consummatum
1821 3029 2034 3119 probe
2069 3026 2450 3122 intelligitis

328 3169 505 3241 quos
534 3169 775 3221 sensus
808 3149 879 3219 in
900 3143 1119 3220 Nobis
1144 3170 1585 3223 commovere
1614 3149 2016 3231 debuerint,
2039 3170 2194 3221 cum
2223 3160 2450 3222 totum

324 3268 565 3343 orbem
598 3280 795 3342 metu
828 3280 1041 3363 atque
1071 3271 1361 3343 horrore
1398 3268 1932 3361 compleverint.
1989 3264 2122 3341 Est
2166 3269 2448 3341 demum

324 3398 399 3461 et
452 3389 589 3477 alia
666 3384 909 3475 NobiS,
964 3384 1427 3463 Venerabile-s
1504 3384 1822 3471 Fratres,
1881 3387 2178 3461 caeteris
2238 3388 2448 3461 etiam

324 3510 554 3583 maior
608 3510 1031 3597 amaritudo,
1086 3532 1247 3583 cum
1304 3511 1668 3585 videamus
1725 3520 1826 3583 tot
1881 3508 2174 3581 rebelles
2241 3508 2450 3597 filios,

328 3640 435 3703 tot
488 3630 845 3723 tantisque
932 3651 1387 3705 censurarum
1472 3633 1743 3725 laqueis
1827 3629 2192 3703 obstrictos
2255 3630 2446 3704 nulla

324 3763 663 3845 paternae
743 3747 1035 3824 Nostrae
1091 3754 1315 3837 vociS,
1372 3754 1563 3827 nulla
1621 3752 1868 3825 salutis
1924 3770 2093 3823 suae
2172 3751 2444 3845 ratione

323 3871 553 3945 habita
617 3892 903 3965 pergere
968 3872 1200 3947 adhuc
1260 3873 1577 3947 oblatum
1644 3896 1686 3945 a
1741 3867 1892 3945 Deo
1975 3868 2443 3964 poenitentiae

324 4004 603 4085 tempus
658 4002 1141 4075 contemnere,
1188 4004 1263 4065 et
1303 3992 1585 4067 divinae
1642 3990 1932 4067 ultionis
1969 3991 2146 4063 iram
2185 4002 2446 4068 coutu-

316 4110 638 4197 maciter,
674 4134 917 4206 „quam
1002 4113 1527 4187 misericordiae
1610 4116 1918 4187 fructum
1977 4112 2050 4183 in
2101 4124 2440 4207 ‚tempore

318 4233 529 4305 malle
584 4234 921 4327 experiri.

536 4348 682 4425 lam
719 4374 889 4429 vero
930 4375 1053 4449 per
1097 4366 1197 4435 tot
1236 4376 1471 4430 rerum
1512 4354 2065 4449 vicissitudines»,
2105 4349 2256 4427 Deo
2303 4355 2446 4427 cle-
