3292 5275
793 481 950 568 374

793 630 1354 721 responsionum,
1414 631 1844 705 solutionum
1903 633 2350 706 fundationes
2401 645 2476 706 et
2533 648 2912 728 perpetuas

792 751 1197 843 sponsiones
1253 762 1443 825 ratas
1499 761 1964 846 acceptasque
2019 752 2282 826 babens
2337 749 2667 830 Summus
2720 750 2912 829 Pon-

788 867 963 943 tifex
1016 870 1100 943 dc
1154 892 1324 946 suae
1399 873 1844 945 auctorit-atis
1900 873 2350 966 plenitudine
2407 875 2648 948 favore
2703 870 2913 949 Ordi-

786 991 898 1063 nis
950 985 1025 1064 S.
1084 986 1449 1066 Benedicti
1502 989 2082 1086 Congregationis
2119 989 2558 1068 Cassinensis
2618 995 2911 1089 primae-

787 1132 925 1184 vae
952 1107 1461 1186 observantiae
1495 1134 1622 1207 pro
1661 1111 1965 1186 Abbatia
2003 1124 2281 1189 tantum
2318 1111 2684 1206 Regulari,
2721 1118 2912 1191 cius-

784 1233 947 1306 dem
1000 1229 1306 1321 OrdiniS,
1362 1229 1685 1308 Monoeci
1739 1246 1820 1307 ut
1873 1256 2088 1328 supra
2143 1235 2474 1328 erigenda
2505 1287 2526 1323 ,
2583 1237 2908 1332 benigni-

749 1365 897 1426 -ter
948 1354 1394 1447 adprobavit,
1436 1365 1510 1426 et
1547 1355 1703 1428 heic
1743 1355 1816 1426 in
1857 1355 2164 1428 decretis
2203 1358 2568 1451 praecepit
2625 1358 2906 1431 referri.

1002 1465 1125 1549 11.
1176 1471 1439 1550 Verum
1470 1486 1553 1550 ut
1579 1475 2110 1551 munificentiae
2139 1471 2485 1570 Principis
2509 1472 2751 1550 Caroli
2781 1474 2906 1550 ΙΙΙ.

782 1595 1190 1671 huiusmodi
1244 1593 1619 1688 Regularis
1675 1591 2015 1669 Abbatiac
2071 1597 2174 1691 pii
2229 1595 2616 1670 fundatoris
2671 1598 2907 1672 debita

784 1721 960 1806 grati
1016 1716 1232 1788 animi
1302 1713 1729 1809 significatio
1795 1717 2222 1810 rependatur
2257 1766 2276 1801 ,
2335 1717 2569 1792 voluit
2621 1740 2910 1813 quoque

780 1832 1136 1910 Sanctitas
1187 1832 1363 1921 Sua,
1422 1847 1503 1909 ut
1556 1837 1806 1910 electio
1871 1849 1944 1910 et
2001 1839 2363 1931 deputatio
2417 1835 2713 1913 Abbatis
2763 1835 2905 1912 Or-

781 1956 1037 2030 dinarii
1066 1978 1194 2052 pro
1224 1970 1538 2052 tempore
1561 1953 1883 2030 Monoeci
1915 1958 2118 2030 modo
2151 1959 2550 2054 peragenda
2578 1980 2617 2030 a
2639 1953 2900 2032 R.P.D.

780 2073 991 2150 Petro
1045 2074 1413 2170 Casaretto
1460 2071 1748 2150 Ordinis
1803 2073 1880 2148 S.
1927 2073 2282 2151 Benedicti
2316 2075 2900 2174 congregationis

776 2191 1209 2272 Cassinensis
1244 2197 1647 2293 primaevae
1687 2196 2201 2272 observantiae
2242 2194 2514 2272 Abbate
2543 2194 2903 2285 Generali‚

778 2329 849 2390 et
902 2320 977 2389 in
1033 2327 1383 2412 posterum
1440 2340 1567 2412 pro
1642 2317 1946 2410 singulis
2003 2319 2498 2394 vacationibus
2571 2321 2662 2392 ab
2717 2321 2904 2396 eius-

778 2441 936 2513 dem
988 2435 1524 2515 Successoribus
1570 2435 1964 2514 Abbatibus
2019 2436 2490 2514 Generalibus
2547 2439 2744 2512 iuxta
2795 2453 2902 2513 ta-

780 2581 940 2633 men
1008 2553 1297 2635 Ordinis
1360 2556 1926 2634 Constitutiones
2001 2583 2038 2632 a
2115 2557 2189 2631 S.
2258 2557 2661 2656 Apostolica
2715 2558 2901 2635 Sede

780 2682 1179 2775 nuperrime
1217 2682 1689 2767 confirmataS,
1730 2700 2007 2777 semper
2047 2682 2168 2756 fiat
2213 2682 2298 2755 de
2337 2678 2699 2775 Religioso
2749 2682 2901 2757 viro

777 2812 1069 2897 accepto
1126 2812 1273 2875 tum
1306 2798 1617 2896 Principi
1659 2805 2125 2897 suprarelato‚
2169 2824 2329 2878 cum
2383 2804 2700 2877 eiusdem
2738 2806 2904 2877 hae-

778 2924 1061 2999 redibus
1116 2933 1189 2997 et
1244 2920 1811 2997 Successoribus.

992 3036 1116 3119 12.
1172 3040 1541 3118 Praeterea
1578 3039 1934 3117 Sanctitas
1963 3040 2106 3117 Sua
2147 3042 2441 3135 benigne
2481 3042 2780 3116 indulsit
2819 3056 2899 3119 ut

776 3162 1201 3259 Capelianus
1236 3160 1612 3259 PrincipiS,
1651 3164 1774 3259 qui
1811 3164 2026 3237 etiam
2063 3160 2240 3237 Eius
2275 3159 2898 3256 Eleemosynarius

770 3307 926 3359 esse
963 3285 1249 3379 poterit,
1290 3306 1666 3361 munerum
1712 3283 2222 3378 parochialium
2275 3282 2686 3359 exercitium
2725 3306 2896 3377 per-

773 3428 977 3501 agere
1034 3408 1271 3479 valeat
1324 3405 1411 3479 de
1468 3406 1810 3499 peculiari
1878 3417 2111 3478 tamen
2170 3402 2464 3477 Abbatis
2545 3398 2896 3477 ordinarii

773 3527 1269 3620 adprobatione
1300 3574 1324 3607 ,
1382 3525 1775 3599 restrictive
1851 3528 1926 3598 in
1998 3520 2294 3598 Palatiis
2364 3520 2709 3620 Principis
2743 3573 2764 3608 ,
2823 3538 2898 3597 et

772 3666 983 3738 super
1037 3644 1352 3739 personis
1406 3648 1529 3741 qui
1591 3642 1782 3720 lllius
1839 3646 2138 3719 servitio
2202 3642 2589 3738 adscripti,
2643 3644 2895 3718 domo-

772 3786 931 3840 rum
984 3765 1388 3839 huiusmodi
1471 3768 1780 3841 incolatu
1838 3767 2162 3839 fruuntur
2224 3775 2298 3838 et
2355 3776 2710 3839 utuntur:
2770 3786 2894 3839 ex-

770 3887 963 3958 clusa
991 3880 1437 3979 Baptismatis
1481 3888 1884 3973 collatione,
1913 3887 2102 3981 quod
2143 3882 2676 3960 Sacramentum
2714 3908 2895 3958 sem-

770 4028 891 4101 per
926 4006 1066 4079 erit
1101 4006 1736 4082 administrandum
1777 4030 1818 4083 a
1855 4004 2173 4081 Parocho
2210 4004 2567 4081 Ecclesiae
2607 4003 2733 4079 SS.
2766 4002 2892 4079 Ni-

770 4127 947 4200 colai
1004 4136 1079 4199 et
1127 4122 1535 4214 Benedicti,
1592 4141 1809 4223 atque
1887 4129 2046 4201 idco
2125 4129 2377 4203 eadem
2442 4129 2518 4200 in
2571 4124 2894 4201 Ecclesia

770 4247 921 4319 fons
956 4241 1407 4340 Baptismatis
1466 4258 1740 4323 tantum
1795 4256 2040 4323 extare
2079 4248 2389 4323 debebit.
2433 4244 2724 4341 insuper
2764 4249 2894 4322 dc-
