3292 5275
2257 498 2414 583 233

294 637 466 711 dare
503 639 814 712 studiose
852 614 1192 714 conemur
1229 640 1739 714 conscientiam
1776 650 2086 714 nostram
2122 643 2209 712 ab
2245 665 2421 736 ope-

283 757 482 832 ribus
535 762 892 847 mortuis3
943 761 1110 855 quia
1163 758 1355 834 oculi
1411 759 1704 834 Domini
1756 783 1971 859 super
2024 759 2290 847 iustos,
2350 774 2419 835 et

285 898 500 954 aures
572 879 726 954 eius
795 879 872 952 in
935 903 1194 979 preces
1253 889 1525 954 eorum.
1583 879 1793 970 Quod
1874 891 1955 954 ut
2020 885 2416 958 accuratius

289 1001 502 1072 etiam
559 1014 634 1074 et
689 1003 970 1094 plenius
1025 1002 1461 1095 perficiatur,
1511 1001 1831 1076 fidelibus
1886 1005 2237 1089 omnibus,
2292 1006 2417 1099 qui

291 1119 430 1192 rite
485 1122 792 1195 confessi
830 1135 902 1195 et
941 1138 1144 1196 sacra
1181 1125 1667 1196 communione
1702 1123 1948 1196 refecti
2006 1125 2195 1216 piam
2249 1145 2421 1217 pre-

291 1241 490 1314 cibus
528 1242 928 1316 huiusmodi
970 1264 1096 1335 pro
1133 1239 1500 1318 Ecclesiae
1539 1244 2081 1318 necessitatibus
2131 1265 2417 1339 operam

293 1363 640 1447 dederint,
699 1359 1216 1457 indulgentiam
1253 1366 1659 1459 ‘plenariam
1710 1368 1926 1438 semel
1978 1365 2414 1452 lucrandam,

293 1495 368 1556 et
423 1485 496 1554 iu
551 1482 863 1557 fidelium
917 1506 1198 1580 quoque
1252 1485 1751 1562 defunctorum
1790 1485 2199 1578 suffragium
2251 1507 2423 1560 eon-

295 1604 718 1678 vertendam
775 1627 902 1699 pro
957 1627 1044 1678 eo
1099 1607 1267 1692 die,
1326 1627 1535 1701 quem
1589 1609 1667 1679 in
1737 1609 2031 1701 singulis
2086 1608 2424 1680 dioecesi-

291 1723 429 1796 bus
483 1720 896 1800 Ordinar'ius
961 1728 1489 1839 designaverim-
1513 1722 1925 1827 Apostolioa
1988 1729 2417 1812 auctoritate

291 1839 548 1919 Nostra
603 1849 1073 1922 concedimus.

507 1965 782 2062 Itaque,
838 1964 1296 2044 venerabiles
1351 1965 1668 2055 Fratres,
1724 1991 2159 2065 quamquam
2214 1971 2421 2042 innu-

291 2111 532 2165 merae
587 2103 662 2166 et
715 2111 886 2164 sane
939 2093 1396 2192 gravissimae
1446 2089 1779 2184 ingruant
1840 2093 2419 2185 persecutionum

289 2221 368 2284 et
423 2213 972 2302 ινίίηιιιιιὶοιιιιιιῃὃ
1003 2224 1489 2306 tempestates,
1547 2234 1688 2295 non
1736 2225 2119 2308 propterea
2175 2214 2418 2286 eonci-

293 2333 548 2408 damus
599 2336 834 2408 animo
867 2382 890 2420 ,
947 2332 1016 2404 iu
1091 2355 1178 2406 eo
1231 2333 1534 2419 confisi,
1602 2333 1724 2428 qui
1782 2345 2147 2427 sperantes
2210 2333 2287 2404 in
2343 2353 2419 2404 se

293 2455 632 2529 contundi
688 2478 827 2530 non
885 2457 1204 2550 patitui-3
1258 2451 1388 2526 Dei
1425 2453 1610 2528 enim
1651 2457 2016 2546 promissio
2062 2467 2197 2543 est,
2234 2475 2417 2548 quae

294 2579 717 2672 praeterire
765 2593 909 2651 non
991 2587 1278 2671 potest:
1327 2570 1711 2665 Quoniam·
1746 2577 1831 2651 sn
1860 2587 1989 2651 me
2038 2573 2351 2677 speravit
2392 2615 2414 2663 ,

292 2698 632 2777 iiber-abo
663 2715 852 2775 eum.
960 2737 976 2748 -
1147 2716 1152 2725 ·
1315 2732 1322 2740 ·
