<?xml version="1.0" encoding="UTF-8"?>
<!DOCTYPE html PUBLIC "-//W3C//DTD XHTML 1.0 Transitional//EN"
    "http://www.w3.org/TR/xhtml1/DTD/xhtml1-transitional.dtd">
<html xmlns="http://www.w3.org/1999/xhtml" xml:lang="en" lang="en">
 <head>
  <title>
</title>
<meta http-equiv="Content-Type" content="text/html;charset=utf-8" />
  <meta name='ocr-system' content='tesseract 3.04.00' />
  <meta name='ocr-capabilities' content='ocr_page ocr_carea ocr_par ocr_line ocrx_word'/>
</head>
<body>
  <div class='ocr_page' id='page_1' title='image "./piiixpontificis01ixgoog_0195.png"; bbox 0 0 3292 5275; ppageno 0'>
   <div class='ocr_carea' id='block_1_1' title="bbox 2201 490 2356 573">
    <p class='ocr_par' dir='ltr' id='par_1_1' title="bbox 2201 490 2356 573">
     <span class='ocr_line' id='line_1_1' title="bbox 2201 490 2356 573; baseline 0 0"><span class='ocrx_word' id='word_1_1' title='bbox 2201 490 2356 573; x_wconf 75' lang='lat'><strong>189</strong></span> 
     </span>
    </p>
   </div>
   <div class='ocr_carea' id='block_1_2' title="bbox 230 630 2376 1938">
    <p class='ocr_par' dir='ltr' id='par_1_2' title="bbox 230 630 2376 1938">
     <span class='ocr_line' id='line_1_2' title="bbox 230 630 2354 730; baseline -0.002 -21"><span class='ocrx_word' id='word_1_2' title='bbox 230 648 523 730; x_wconf 78' lang='lat' dir='ltr'><strong>propter</strong></span> <span class='ocrx_word' id='word_1_3' title='bbox 553 646 825 709; x_wconf 83' lang='lat' dir='ltr'><strong>tantum</strong></span> <span class='ocrx_word' id='word_1_4' title='bbox 866 637 1091 719; x_wconf 87' lang='lat' dir='ltr'><strong>abest,</strong></span> <span class='ocrx_word' id='word_1_5' title='bbox 1124 646 1203 708; x_wconf 91' lang='lat' dir='ltr'><strong>ut</strong></span> <span class='ocrx_word' id='word_1_6' title='bbox 1240 630 1553 707; x_wconf 79' lang='lat' dir='ltr'><strong>Ecclesia</strong></span> <span class='ocrx_word' id='word_1_7' title='bbox 1610 634 2064 708; x_wconf 88' lang='lat' dir='ltr'><strong>humanarum</strong></span> <span class='ocrx_word' id='word_1_8' title='bbox 2093 634 2354 707; x_wconf 91' lang='lat' dir='ltr'><strong>artium</strong></span> 
     </span>
     <span class='ocr_line' id='line_1_3' title="bbox 232 753 2358 850; baseline -0.001 -21"><span class='ocrx_word' id='word_1_9' title='bbox 232 770 309 829; x_wconf 90' lang='lat' dir='ltr'><strong>et</strong></span> <span class='ocrx_word' id='word_1_10' title='bbox 364 757 901 850; x_wconf 87' lang='lat' dir='ltr'><strong>disciplinarum</strong></span> <span class='ocrx_word' id='word_1_11' title='bbox 953 754 1269 829; x_wconf 82' lang='lat' dir='ltr'><strong>culturae</strong></span> <span class='ocrx_word' id='word_1_12' title='bbox 1324 754 1619 829; x_wconf 77' lang='lat' dir='ltr'><strong>obsistat</strong></span> <span class='ocrx_word' id='word_1_13' title='bbox 1651 802 1674 837; x_wconf 90' lang='lat'><strong>‚</strong></span> <span class='ocrx_word' id='word_1_14' title='bbox 1751 763 1831 827; x_wconf 87' lang='lat' dir='ltr'><strong>ut</strong></span> <span class='ocrx_word' id='word_1_15' title='bbox 1885 754 2062 827; x_wconf 86' lang='lat' dir='ltr'><strong>hanc</strong></span> <span class='ocrx_word' id='word_1_16' title='bbox 2117 753 2358 828; x_wconf 84' lang='lat' dir='ltr'><strong>multis</strong></span> 
     </span>
     <span class='ocr_line' id='line_1_4' title="bbox 232 870 2356 969; baseline -0.002 -18"><span class='ocrx_word' id='word_1_17' title='bbox 232 878 465 951; x_wconf 88' lang='lat' dir='ltr'><strong>modis</strong></span> <span class='ocrx_word' id='word_1_18' title='bbox 522 878 725 953; x_wconf 86' lang='lat' dir='ltr'><strong>iuvet</strong></span> <span class='ocrx_word' id='word_1_19' title='bbox 778 887 989 969; x_wconf 82' lang='lat' dir='ltr'><strong>atque</strong></span> <span class='ocrx_word' id='word_1_20' title='bbox 1046 887 1477 967; x_wconf 84' lang='lat' dir='ltr'><strong>promoveat.</strong></span> <span class='ocrx_word' id='word_1_21' title='bbox 1538 870 1696 947; x_wconf 87' lang='lat' dir='ltr'><strong>Non</strong></span> <span class='ocrx_word' id='word_1_22' title='bbox 1749 876 1936 947; x_wconf 87' lang='lat' dir='ltr'><strong>enim</strong></span> <span class='ocrx_word' id='word_1_23' title='bbox 1992 874 2356 948; x_wconf 89' lang='lat' dir='ltr'><strong>commoda</strong></span> 
     </span>
     <span class='ocr_line' id='line_1_5' title="bbox 234 995 2362 1087; baseline -0.002 -16"><span class='ocrx_word' id='word_1_24' title='bbox 234 1000 327 1071; x_wconf 83' lang='lat' dir='ltr'><strong>ab</strong></span> <span class='ocrx_word' id='word_1_25' title='bbox 383 997 472 1070; x_wconf 88' lang='lat' dir='ltr'><strong>iis</strong></span> <span class='ocrx_word' id='word_1_26' title='bbox 524 997 615 1070; x_wconf 90' lang='lat' dir='ltr'><strong>ad</strong></span> <span class='ocrx_word' id='word_1_27' title='bbox 668 997 1033 1069; x_wconf 84' lang='lat' dir='ltr'><strong>hominum</strong></span> <span class='ocrx_word' id='word_1_28' title='bbox 1090 995 1315 1070; x_wconf 84' lang='lat' dir='ltr'><strong>vitam</strong></span> <span class='ocrx_word' id='word_1_29' title='bbox 1389 995 1820 1069; x_wconf 86' lang='lat' dir='ltr'><strong>dimanantia</strong></span> <span class='ocrx_word' id='word_1_30' title='bbox 1900 1006 2028 1068; x_wconf 89' lang='lat' dir='ltr'><strong>aut</strong></span> <span class='ocrx_word' id='word_1_31' title='bbox 2081 996 2362 1087; x_wconf 78' lang='lat' dir='ltr'><strong>ignorat</strong></span> 
     </span>
     <span class='ocr_line' id='line_1_6' title="bbox 237 1110 2362 1214; baseline -0.003 -21"><span class='ocrx_word' id='word_1_32' title='bbox 237 1129 369 1193; x_wconf 90' lang='lat' dir='ltr'><strong>aut</strong></span> <span class='ocrx_word' id='word_1_33' title='bbox 425 1116 771 1214; x_wconf 83' lang='lat' dir='ltr'><strong>despicit3</strong></span> <span class='ocrx_word' id='word_1_34' title='bbox 827 1118 1089 1191; x_wconf 78' lang='lat' dir='ltr'><strong>fatetur</strong></span> <span class='ocrx_word' id='word_1_35' title='bbox 1124 1118 1293 1202; x_wconf 89' lang='lat' dir='ltr'><strong>imo,</strong></span> <span class='ocrx_word' id='word_1_36' title='bbox 1324 1138 1475 1199; x_wconf 90' lang='lat' dir='ltr'><strong>eas,</strong></span> <span class='ocrx_word' id='word_1_37' title='bbox 1502 1114 2088 1209; x_wconf 77' lang='lat' dir='ltr'><strong>quemadmodum</strong></span> <span class='ocrx_word' id='word_1_38' title='bbox 2117 1134 2156 1187; x_wconf 87' lang='lat' dir='ltr'><strong>a</strong></span> <span class='ocrx_word' id='word_1_39' title='bbox 2183 1110 2362 1204; x_wconf 88' lang='lat' dir='ltr'><strong>Deo,</strong></span> 
     </span>
     <span class='ocr_line' id='line_1_7' title="bbox 238 1233 2367 1330; baseline -0.002 -17"><span class='ocrx_word' id='word_1_40' title='bbox 238 1240 703 1314; x_wconf 77' lang='lat' dir='ltr'><strong>scientiarum</strong></span> <span class='ocrx_word' id='word_1_41' title='bbox 758 1235 1081 1323; x_wconf 80' lang='lat' dir='ltr'><strong>Domino,</strong></span> <span class='ocrx_word' id='word_1_42' title='bbox 1138 1236 1491 1330; x_wconf 70' lang='lat' dir='ltr'><strong>profectae</strong></span> <span class='ocrx_word' id='word_1_43' title='bbox 1542 1247 1742 1320; x_wconf 80' lang='lat' dir='ltr'><strong>sunt,</strong></span> <span class='ocrx_word' id='word_1_44' title='bbox 1801 1237 1900 1306; x_wconf 85' lang='lat' dir='ltr'><strong>ita</strong></span> <span class='ocrx_word' id='word_1_45' title='bbox 1939 1233 1995 1309; x_wconf 79' lang='lat' dir='ltr'><strong>si</strong></span> <span class='ocrx_word' id='word_1_46' title='bbox 2035 1236 2164 1309; x_wconf 87' lang='lat' dir='ltr'><strong>rite</strong></span> <span class='ocrx_word' id='word_1_47' title='bbox 2205 1256 2367 1329; x_wconf 85' lang='lat' dir='ltr'><strong>per-</strong></span> 
     </span>
     <span class='ocr_line' id='line_1_8' title="bbox 240 1353 2368 1450; baseline -0.001 -19"><span class='ocrx_word' id='word_1_48' title='bbox 240 1371 658 1444; x_wconf 76' lang='lat' dir='ltr'><strong>tractentur,</strong></span> <span class='ocrx_word' id='word_1_49' title='bbox 719 1360 806 1431; x_wconf 91' lang='lat' dir='ltr'><strong>ad</strong></span> <span class='ocrx_word' id='word_1_50' title='bbox 862 1353 1115 1442; x_wconf 90' lang='lat' dir='ltr'><strong>Deum,</strong></span> <span class='ocrx_word' id='word_1_51' title='bbox 1172 1360 1464 1433; x_wconf 87' lang='lat' dir='ltr'><strong>iuvante</strong></span> <span class='ocrx_word' id='word_1_52' title='bbox 1514 1356 1669 1432; x_wconf 90' lang='lat' dir='ltr'><strong>eius</strong></span> <span class='ocrx_word' id='word_1_53' title='bbox 1725 1356 1971 1448; x_wconf 76' lang='lat' dir='ltr'><strong>gratia,</strong></span> <span class='ocrx_word' id='word_1_54' title='bbox 2031 1356 2368 1450; x_wconf 84' lang='lat' dir='ltr'><strong>perduce-</strong></span> 
     </span>
     <span class='ocr_line' id='line_1_9' title="bbox 240 1474 2366 1573; baseline -0.001 -20"><span class='ocrx_word' id='word_1_55' title='bbox 240 1504 347 1553; x_wconf 87' lang='lat' dir='ltr'><strong>re.</strong></span> <span class='ocrx_word' id='word_1_56' title='bbox 404 1474 555 1553; x_wconf 80' lang='lat' dir='ltr'><strong>Nec</strong></span> <span class='ocrx_word' id='word_1_57' title='bbox 600 1499 770 1553; x_wconf 83' lang='lat' dir='ltr'><strong>sane</strong></span> <span class='ocrx_word' id='word_1_58' title='bbox 820 1481 979 1573; x_wconf 80' lang='lat' dir='ltr'><strong>ipsa</strong></span> <span class='ocrx_word' id='word_1_59' title='bbox 1030 1486 1277 1562; x_wconf 59' lang='lat' dir='ltr'><strong>vemt</strong></span> <span class='ocrx_word' id='word_1_60' title='bbox 1344 1498 1430 1551; x_wconf 91' lang='lat' dir='ltr'><strong>ne</strong></span> <span class='ocrx_word' id='word_1_61' title='bbox 1494 1476 1900 1551; x_wconf 78' lang='lat' dir='ltr'><strong>huiusmodi</strong></span> <span class='ocrx_word' id='word_1_62' title='bbox 1964 1476 2366 1572; x_wconf 75' lang='lat' dir='ltr'><strong>disciplinae</strong></span> 
     </span>
     <span class='ocr_line' id='line_1_10' title="bbox 244 1596 2370 1699; baseline 0.001 -27"><span class='ocrx_word' id='word_1_63' title='bbox 244 1604 325 1675; x_wconf 78' lang='lat' dir='ltr'><strong>in</strong></span> <span class='ocrx_word' id='word_1_64' title='bbox 382 1622 517 1677; x_wconf 82' lang='lat' dir='ltr'><strong>sno</strong></span> <span class='ocrx_word' id='word_1_65' title='bbox 566 1620 885 1699; x_wconf 80' lang='lat' dir='ltr'><strong>quaeque</strong></span> <span class='ocrx_word' id='word_1_66' title='bbox 940 1602 1209 1675; x_wconf 77' lang='lat' dir='ltr'><strong>ambitu</strong></span> <span class='ocrx_word' id='word_1_67' title='bbox 1244 1600 1549 1692; x_wconf 77' lang='lat' dir='ltr'><strong>propriis</strong></span> <span class='ocrx_word' id='word_1_68' title='bbox 1577 1610 1871 1674; x_wconf 77' lang='lat' dir='ltr'><strong>utantur</strong></span> <span class='ocrx_word' id='word_1_69' title='bbox 1907 1596 2270 1694; x_wconf 72' lang='lat' dir='ltr'><strong>principiis</strong></span> <span class='ocrx_word' id='word_1_70' title='bbox 2295 1612 2370 1675; x_wconf 81' lang='lat' dir='ltr'><strong>et</strong></span> 
     </span>
     <span class='ocr_line' id='line_1_11' title="bbox 244 1720 2376 1815; baseline 0.001 -20"><span class='ocrx_word' id='word_1_71' title='bbox 244 1721 535 1815; x_wconf 81' lang='lat' dir='ltr'><strong>propria</strong></span> <span class='ocrx_word' id='word_1_72' title='bbox 590 1720 960 1809; x_wconf 82' lang='lat' dir='ltr'><strong>method03</strong></span> <span class='ocrx_word' id='word_1_73' title='bbox 1015 1720 1137 1796; x_wconf 90' lang='lat' dir='ltr'><strong>sed</strong></span> <span class='ocrx_word' id='word_1_74' title='bbox 1194 1720 1449 1795; x_wconf 86' lang='lat' dir='ltr'><strong>iustam</strong></span> <span class='ocrx_word' id='word_1_75' title='bbox 1503 1720 1684 1793; x_wconf 88' lang='lat' dir='ltr'><strong>hanc</strong></span> <span class='ocrx_word' id='word_1_76' title='bbox 1724 1721 2121 1795; x_wconf 80' lang='lat' dir='ltr'><strong>libertatem</strong></span> <span class='ocrx_word' id='word_1_77' title='bbox 2159 1734 2376 1815; x_wconf 71' lang='lat' dir='ltr'><strong>agno·-</strong></span> 
     </span>
     <span class='ocr_line' id='line_1_12' title="bbox 246 1822 2372 1938; baseline 0.001 -23"><span class='ocrx_word' id='word_1_78' title='bbox 246 1862 483 1925; x_wconf 68' lang='lat' dir='ltr'><strong>seem,</strong></span> <span class='ocrx_word' id='word_1_79' title='bbox 542 1841 610 1913; x_wconf 91' lang='lat' dir='ltr'><strong>id</strong></span> <span class='ocrx_word' id='word_1_80' title='bbox 666 1822 910 1915; x_wconf 75' lang='lat' dir='ltr'><strong>sedulo</strong></span> <span class='ocrx_word' id='word_1_81' title='bbox 969 1852 1203 1927; x_wconf 86' lang='lat' dir='ltr'><strong>cavet,</strong></span> <span class='ocrx_word' id='word_1_82' title='bbox 1259 1862 1350 1914; x_wconf 88' lang='lat' dir='ltr'><strong>ne</strong></span> <span class='ocrx_word' id='word_1_83' title='bbox 1407 1842 1694 1914; x_wconf 88' lang='lat' dir='ltr'><strong>divinae</strong></span> <span class='ocrx_word' id='word_1_84' title='bbox 1751 1841 2108 1916; x_wconf 87' lang='lat' dir='ltr'><strong>doctrinae</strong></span> <span class='ocrx_word' id='word_1_85' title='bbox 2163 1866 2372 1938; x_wconf 86' lang='lat' dir='ltr'><strong>repu-</strong></span> 
     </span>
    </p>
   </div>
   <div class='ocr_carea' id='block_1_3' title="bbox 113 1962 2374 2079">
    <p class='ocr_par' dir='ltr' id='par_1_3' title="bbox 113 1962 2374 2079">
     <span class='ocr_line' id='line_1_13' title="bbox 113 1962 2374 2079; baseline 0 -43"><span class='ocrx_word' id='word_1_86' title='bbox 113 2072 119 2079; x_wconf 81' lang='lat'><strong>.</strong></span> <span class='ocrx_word' id='word_1_87' title='bbox 244 1964 533 2058; x_wconf 72' lang='lat' dir='ltr'><strong>gnando</strong></span> <span class='ocrx_word' id='word_1_88' title='bbox 578 1980 859 2036; x_wconf 83' lang='lat' dir='ltr'><strong>errores</strong></span> <span class='ocrx_word' id='word_1_89' title='bbox 911 1963 979 2033; x_wconf 88' lang='lat' dir='ltr'><strong>in</strong></span> <span class='ocrx_word' id='word_1_90' title='bbox 1034 1984 1113 2036; x_wconf 84' lang='lat' dir='ltr'><strong>se</strong></span> <span class='ocrx_word' id='word_1_91' title='bbox 1165 1962 1595 2055; x_wconf 67' lang='lat' dir='ltr'><strong>suscipiant,</strong></span> <span class='ocrx_word' id='word_1_92' title='bbox 1649 1974 1776 2037; x_wconf 84' lang='lat' dir='ltr'><strong>aut</strong></span> <span class='ocrx_word' id='word_1_93' title='bbox 1827 1962 2002 2037; x_wconf 80' lang='lat' dir='ltr'><strong>fines</strong></span> <span class='ocrx_word' id='word_1_94' title='bbox 2058 1964 2374 2058; x_wconf 81' lang='lat' dir='ltr'><strong>proprios</strong></span> 
     </span>
    </p>
   </div>
   <div class='ocr_carea' id='block_1_4' title="bbox 248 2080 2432 4004">
    <p class='ocr_par' dir='ltr' id='par_1_4' title="bbox 248 2080 2376 2279">
     <span class='ocr_line' id='line_1_14' title="bbox 248 2080 2376 2178; baseline 0.001 -22"><span class='ocrx_word' id='word_1_95' title='bbox 248 2096 757 2175; x_wconf 78' lang='lat' dir='ltr'><strong>transgressae,</strong></span> <span class='ocrx_word' id='word_1_96' title='bbox 809 2104 937 2169; x_wconf 68' lang='lat' dir='ltr'><strong>ea,⁴</strong></span> <span class='ocrx_word' id='word_1_97' title='bbox 979 2098 1159 2177; x_wconf 74' lang='lat' dir='ltr'><strong>qnae</strong></span> <span class='ocrx_word' id='word_1_98' title='bbox 1214 2092 1381 2154; x_wconf 80' lang='lat' dir='ltr'><strong>sunt</strong></span> <span class='ocrx_word' id='word_1_99' title='bbox 1431 2080 1591 2156; x_wconf 77' lang='lat' dir='ltr'><strong>fidei</strong></span> <span class='ocrx_word' id='word_1_100' title='bbox 1616 2131 1639 2167; x_wconf 91' lang='lat'>‚</span> <span class='ocrx_word' id='word_1_101' title='bbox 1695 2094 2037 2176; x_wconf 73' lang='lat' dir='ltr'><strong>occupent</strong></span> <span class='ocrx_word' id='word_1_102' title='bbox 2083 2094 2156 2157; x_wconf 83' lang='lat' dir='ltr'><strong>et</strong></span> <span class='ocrx_word' id='word_1_103' title='bbox 2211 2098 2376 2178; x_wconf 77' lang='lat' dir='ltr'><strong>per-</strong></span> 
     </span>
     <span class='ocr_line' id='line_1_15' title="bbox 250 2206 571 2279; baseline -0.006 -3"><span class='ocrx_word' id='word_1_104' title='bbox 250 2206 571 2279; x_wconf 82' lang='lat' dir='ltr'><strong>turbent.</strong></span> 
     </span>
    </p>

    <p class='ocr_par' dir='ltr' id='par_1_5' title="bbox 254 2318 2432 4004">
     <span class='ocr_line' id='line_1_16' title="bbox 470 2318 2384 2419; baseline 0.001 -22"><span class='ocrx_word' id='word_1_105' title='bbox 470 2319 713 2419; x_wconf 79' lang='lat' dir='ltr'><strong>Ncque</strong></span> <span class='ocrx_word' id='word_1_106' title='bbox 762 2322 947 2397; x_wconf 82' lang='lat' dir='ltr'><strong>enim</strong></span> <span class='ocrx_word' id='word_1_107' title='bbox 1000 2322 1165 2398; x_wconf 85' lang='lat' dir='ltr'><strong>fidei</strong></span> <span class='ocrx_word' id='word_1_108' title='bbox 1218 2324 1560 2412; x_wconf 82' lang='lat' dir='ltr'><strong>doctrina,</strong></span> <span class='ocrx_word' id='word_1_109' title='bbox 1604 2341 1816 2419; x_wconf 81' lang='lat' dir='ltr'><strong>quam</strong></span> <span class='ocrx_word' id='word_1_110' title='bbox 1869 2318 2060 2401; x_wconf 77' lang='lat' dir='ltr'><strong>neus</strong></span> <span class='ocrx_word' id='word_1_111' title='bbox 2116 2326 2384 2399; x_wconf 80' lang='lat' dir='ltr'><strong>revela·</strong></span> 
     </span>
     <span class='ocr_line' id='line_1_17' title="bbox 254 2444 2384 2540; baseline 0.001 -21"><span class='ocrx_word' id='word_1_112' title='bbox 254 2444 385 2531; x_wconf 78' lang='lat' dir='ltr'><strong>vit,</strong></span> <span class='ocrx_word' id='word_1_113' title='bbox 440 2444 641 2519; x_wconf 76' lang='lat' dir='ltr'><strong>velut</strong></span> <span class='ocrx_word' id='word_1_114' title='bbox 692 2444 1243 2539; x_wconf 80' lang='lat' dir='ltr'><strong>philosophicum</strong></span> <span class='ocrx_word' id='word_1_115' title='bbox 1300 2446 1676 2520; x_wconf 78' lang='lat' dir='ltr'><strong>inventum</strong></span> <span class='ocrx_word' id='word_1_116' title='bbox 1713 2445 2072 2540; x_wconf 62' lang='lat' dir='ltr'><strong>proposita</strong></span> <span class='ocrx_word' id='word_1_117' title='bbox 2109 2458 2220 2520; x_wconf 84' lang='lat' dir='ltr'><strong>est</strong></span> <span class='ocrx_word' id='word_1_118' title='bbox 2245 2449 2384 2521; x_wconf 77' lang='lat' dir='ltr'><strong>hu-</strong></span> 
     </span>
     <span class='ocr_line' id='line_1_18' title="bbox 254 2562 2385 2660; baseline 0.001 -20"><span class='ocrx_word' id='word_1_119' title='bbox 254 2564 489 2640; x_wconf 81' lang='lat' dir='ltr'><strong>manis</strong></span> <span class='ocrx_word' id='word_1_120' title='bbox 541 2562 835 2658; x_wconf 76' lang='lat' dir='ltr'><strong>ingeniis</strong></span> <span class='ocrx_word' id='word_1_121' title='bbox 872 2565 1325 2660; x_wconf 79' lang='lat' dir='ltr'><strong>perficienda,</strong></span> <span class='ocrx_word' id='word_1_122' title='bbox 1358 2566 1477 2637; x_wconf 88' lang='lat' dir='ltr'><strong>sed</strong></span> <span class='ocrx_word' id='word_1_123' title='bbox 1508 2576 1872 2660; x_wconf 80' lang='lat' dir='ltr'><strong>tamquam</strong></span> <span class='ocrx_word' id='word_1_124' title='bbox 1907 2564 2224 2642; x_wconf 82' lang='lat' dir='ltr'><strong>divinum</strong></span> <span class='ocrx_word' id='word_1_125' title='bbox 2261 2568 2385 2643; x_wconf 78' lang='lat' dir='ltr'><strong>de—</strong></span> 
     </span>
     <span class='ocr_line' id='line_1_19' title="bbox 260 2684 2388 2784; baseline 0 -22"><span class='ocrx_word' id='word_1_126' title='bbox 260 2691 567 2784; x_wconf 85' lang='lat' dir='ltr'><strong>positum</strong></span> <span class='ocrx_word' id='word_1_127' title='bbox 620 2685 885 2761; x_wconf 81' lang='lat' dir='ltr'><strong>Christi</strong></span> <span class='ocrx_word' id='word_1_128' title='bbox 940 2684 1252 2780; x_wconf 85' lang='lat' dir='ltr'><strong>Sponsae</strong></span> <span class='ocrx_word' id='word_1_129' title='bbox 1309 2689 1592 2774; x_wconf 86' lang='lat' dir='ltr'><strong>tradita,</strong></span> <span class='ocrx_word' id='word_1_130' title='bbox 1630 2685 1933 2761; x_wconf 84' lang='lat' dir='ltr'><strong>fideliter</strong></span> <span class='ocrx_word' id='word_1_131' title='bbox 1988 2689 2388 2764; x_wconf 85' lang='lat' dir='ltr'><strong>custodien-</strong></span> 
     </span>
     <span class='ocr_line' id='line_1_20' title="bbox 260 2802 2432 2904; baseline -0.001 -18"><span class='ocrx_word' id='word_1_132' title='bbox 260 2813 351 2886; x_wconf 84' lang='lat' dir='ltr'><strong>da</strong></span> <span class='ocrx_word' id='word_1_133' title='bbox 388 2823 467 2885; x_wconf 88' lang='lat' dir='ltr'><strong>et</strong></span> <span class='ocrx_word' id='word_1_134' title='bbox 507 2809 969 2883; x_wconf 80' lang='lat' dir='ltr'><strong>infallibiliter</strong></span> <span class='ocrx_word' id='word_1_135' title='bbox 1024 2808 1459 2882; x_wconf 82' lang='lat' dir='ltr'><strong>declaranda.</strong></span> <span class='ocrx_word' id='word_1_136' title='bbox 1487 2802 1670 2880; x_wconf 83' lang='lat' dir='ltr'><strong>Hinc</strong></span> <span class='ocrx_word' id='word_1_137' title='bbox 1697 2827 2059 2882; x_wconf 80' lang='lat' dir='ltr'><strong>sacrorum</strong></span> <span class='ocrx_word' id='word_1_138' title='bbox 2111 2828 2388 2904; x_wconf 75' lang='lat' dir='ltr'><strong>quoque</strong></span> <span class='ocrx_word' id='word_1_139' title='bbox 2421 2889 2432 2896; x_wconf 69' lang='grc'><strong>,</strong></span> 
     </span>
     <span class='ocr_line' id='line_1_21' title="bbox 264 2929 2388 3026; baseline 0.001 -23"><span class='ocrx_word' id='word_1_140' title='bbox 264 2933 675 3022; x_wconf 65' lang='lat' dir='ltr'><strong>domatum</strong></span> <span class='ocrx_word' id='word_1_141' title='bbox 730 2931 789 3001; x_wconf 90' lang='lat' dir='ltr'><strong>is</strong></span> <span class='ocrx_word' id='word_1_142' title='bbox 844 2947 1095 3006; x_wconf 80' lang='lat' dir='ltr'><strong>sensus</strong></span> <span class='ocrx_word' id='word_1_143' title='bbox 1148 2939 1483 3025; x_wconf 77' lang='lat' dir='ltr'><strong>perpetuo</strong></span> <span class='ocrx_word' id='word_1_144' title='bbox 1537 2939 1650 3002; x_wconf 86' lang='lat' dir='ltr'><strong>est</strong></span> <span class='ocrx_word' id='word_1_145' title='bbox 1703 2929 2138 3016; x_wconf 76' lang='lat' dir='ltr'><strong>retinendus,</strong></span> <span class='ocrx_word' id='word_1_146' title='bbox 2173 2948 2388 3026; x_wconf 81' lang='lat' dir='ltr'><strong>quem</strong></span> 
     </span>
     <span class='ocr_line' id='line_1_22' title="bbox 266 3044 2390 3146; baseline -0.001 -19"><span class='ocrx_word' id='word_1_147' title='bbox 266 3054 482 3127; x_wconf 86' lang='lat' dir='ltr'><strong>semel</strong></span> <span class='ocrx_word' id='word_1_148' title='bbox 536 3051 926 3126; x_wconf 81' lang='lat' dir='ltr'><strong>declaravit</strong></span> <span class='ocrx_word' id='word_1_149' title='bbox 980 3047 1233 3124; x_wconf 82' lang='lat' dir='ltr'><strong>Sancta</strong></span> <span class='ocrx_word' id='word_1_150' title='bbox 1272 3047 1497 3124; x_wconf 87' lang='lat' dir='ltr'><strong>Mater</strong></span> <span class='ocrx_word' id='word_1_151' title='bbox 1547 3044 1888 3136; x_wconf 79' lang='lat' dir='ltr'><strong>Ecclesia,</strong></span> <span class='ocrx_word' id='word_1_152' title='bbox 1929 3069 2062 3125; x_wconf 81' lang='lat' dir='ltr'><strong>nec</strong></span> <span class='ocrx_word' id='word_1_153' title='bbox 2083 3065 2390 3146; x_wconf 83' lang='lat' dir='ltr'><strong>unquam</strong></span> 
     </span>
     <span class='ocr_line' id='line_1_23' title="bbox 269 3170 2390 3266; baseline -0.001 -18"><span class='ocrx_word' id='word_1_154' title='bbox 269 3175 359 3248; x_wconf 82' lang='lat' dir='ltr'><strong>ab</strong></span> <span class='ocrx_word' id='word_1_155' title='bbox 410 3194 505 3248; x_wconf 90' lang='lat' dir='ltr'><strong>eo</strong></span> <span class='ocrx_word' id='word_1_156' title='bbox 558 3189 791 3256; x_wconf 80' lang='lat' dir='ltr'><strong>sensu,</strong></span> <span class='ocrx_word' id='word_1_157' title='bbox 848 3172 1121 3246; x_wconf 88' lang='lat' dir='ltr'><strong>altioris</strong></span> <span class='ocrx_word' id='word_1_158' title='bbox 1172 3170 1668 3264; x_wconf 71' lang='lat' dir='ltr'><strong>intelligentiae</strong></span> <span class='ocrx_word' id='word_1_159' title='bbox 1706 3173 1934 3266; x_wconf 81' lang='lat' dir='ltr'><strong>speeie</strong></span> <span class='ocrx_word' id='word_1_160' title='bbox 1963 3184 2036 3246; x_wconf 81' lang='lat' dir='ltr'><strong>ct</strong></span> <span class='ocrx_word' id='word_1_161' title='bbox 2073 3173 2390 3258; x_wconf 88' lang='lat' dir='ltr'><strong>nomine,</strong></span> 
     </span>
     <span class='ocr_line' id='line_1_24' title="bbox 270 3289 2396 3385; baseline -0.001 -17"><span class='ocrx_word' id='word_1_162' title='bbox 270 3293 769 3368; x_wconf 86' lang='lat' dir='ltr'><strong>recedendum.</strong></span> <span class='ocrx_word' id='word_1_163' title='bbox 820 3289 1112 3366; x_wconf 84' lang='lat' dir='ltr'><strong>Crescat</strong></span> <span class='ocrx_word' id='word_1_164' title='bbox 1166 3294 1383 3385; x_wconf 77' lang='lat' dir='ltr'><strong>igitur</strong></span> <span class='ocrx_word' id='word_1_165' title='bbox 1434 3305 1507 3367; x_wconf 88' lang='lat' dir='ltr'><strong>et</strong></span> <span class='ocrx_word' id='word_1_166' title='bbox 1558 3293 1856 3368; x_wconf 86' lang='lat' dir='ltr'><strong>multum</strong></span> <span class='ocrx_word' id='word_1_167' title='bbox 1903 3293 2396 3367; x_wconf 76' lang='lat' dir='ltr'><strong>vehementer·-</strong></span> 
     </span>
     <span class='ocr_line' id='line_1_25' title="bbox 268 3412 2396 3511; baseline -0.002 -21"><span class='ocrx_word' id='word_1_168' title='bbox 268 3435 407 3511; x_wconf 80' lang='lat' dir='ltr'><strong>que</strong></span> <span class='ocrx_word' id='word_1_169' title='bbox 464 3412 815 3506; x_wconf 80' lang='lat' dir='ltr'><strong>proficiat,</strong></span> <span class='ocrx_word' id='word_1_170' title='bbox 871 3426 1021 3488; x_wconf 86' lang='lat' dir='ltr'><strong>tam</strong></span> <span class='ocrx_word' id='word_1_171' title='bbox 1076 3415 1537 3506; x_wconf 74' lang='lat' dir='ltr'><strong>singulorum,</strong></span> <span class='ocrx_word' id='word_1_172' title='bbox 1588 3435 1805 3509; x_wconf 87' lang='lat' dir='ltr'><strong>quam</strong></span> <span class='ocrx_word' id='word_1_173' title='bbox 1855 3413 2199 3501; x_wconf 73' lang='lat' dir='ltr'><strong>omnium,</strong></span> <span class='ocrx_word' id='word_1_174' title='bbox 2250 3425 2396 3487; x_wconf 88' lang='lat' dir='ltr'><strong>tam</strong></span> 
     </span>
     <span class='ocr_line' id='line_1_26' title="bbox 270 3531 2398 3632; baseline -0.001 -21"><span class='ocrx_word' id='word_1_175' title='bbox 270 3539 483 3612; x_wconf 86' lang='lat' dir='ltr'><strong>unius</strong></span> <span class='ocrx_word' id='word_1_176' title='bbox 538 3534 875 3622; x_wconf 84' lang='lat' dir='ltr'><strong>hominis,</strong></span> <span class='ocrx_word' id='word_1_177' title='bbox 930 3557 1145 3632; x_wconf 81' lang='lat' dir='ltr'><strong>quam</strong></span> <span class='ocrx_word' id='word_1_178' title='bbox 1202 3538 1417 3610; x_wconf 83' lang='lat' dir='ltr'><strong>totius</strong></span> <span class='ocrx_word' id='word_1_179' title='bbox 1468 3531 1828 3609; x_wconf 81' lang='lat' dir='ltr'><strong>Ecclesiae</strong></span> <span class='ocrx_word' id='word_1_180' title='bbox 1856 3583 1904 3621; x_wconf 87' lang='lat'><strong>‚.</strong></span> <span class='ocrx_word' id='word_1_181' title='bbox 1940 3547 2250 3611; x_wconf 74' lang='lat' dir='ltr'><strong>aetatum</strong></span> <span class='ocrx_word' id='word_1_182' title='bbox 2312 3553 2398 3608; x_wconf 81' lang='lat' dir='ltr'><strong>ac</strong></span> 
     </span>
     <span class='ocr_line' id='line_1_27' title="bbox 270 3656 2400 3752; baseline -0.001 -20"><span class='ocrx_word' id='word_1_183' title='bbox 270 3659 715 3732; x_wconf 74' lang='lat' dir='ltr'><strong>saeculorum</strong></span> <span class='ocrx_word' id='word_1_184' title='bbox 770 3657 1116 3748; x_wconf 72' lang='lat' dir='ltr'><strong>gradibus,</strong></span> <span class='ocrx_word' id='word_1_185' title='bbox 1174 3657 1662 3751; x_wconf 73' lang='lat' dir='ltr'><strong>intelligentia,</strong></span> <span class='ocrx_word' id='word_1_186' title='bbox 1717 3657 2008 3731; x_wconf 84' lang='lat' dir='ltr'><strong>scientia</strong></span> <span class='ocrx_word' id='word_1_187' title='bbox 2035 3702 2062 3742; x_wconf 79' lang='grc'><em>,</em></span> <span class='ocrx_word' id='word_1_188' title='bbox 2118 3656 2400 3752; x_wconf 76' lang='lat' dir='ltr'><strong>sapien-</strong></span> 
     </span>
     <span class='ocr_line' id='line_1_28' title="bbox 276 3777 2402 3872; baseline 0.001 -21"><span class='ocrx_word' id='word_1_189' title='bbox 276 3781 421 3852; x_wconf 84' lang='lat' dir='ltr'><strong>tia:</strong></span> <span class='ocrx_word' id='word_1_190' title='bbox 479 3777 606 3851; x_wconf 90' lang='lat' dir='ltr'><strong>sed</strong></span> <span class='ocrx_word' id='word_1_191' title='bbox 659 3777 729 3850; x_wconf 89' lang='lat' dir='ltr'><strong>in</strong></span> <span class='ocrx_word' id='word_1_192' title='bbox 786 3796 913 3852; x_wconf 90' lang='lat' dir='ltr'><strong>suo</strong></span> <span class='ocrx_word' id='word_1_193' title='bbox 967 3780 1329 3856; x_wconf 84' lang='lat' dir='ltr'><strong>dumtaxat</strong></span> <span class='ocrx_word' id='word_1_194' title='bbox 1384 3801 1664 3872; x_wconf 76' lang='lat' dir='ltr'><strong>genere,</strong></span> <span class='ocrx_word' id='word_1_195' title='bbox 1703 3777 1774 3852; x_wconf 91' lang='lat' dir='ltr'><strong>in</strong></span> <span class='ocrx_word' id='word_1_196' title='bbox 1828 3779 2072 3852; x_wconf 74' lang='lat' dir='ltr'><strong>eodem</strong></span> <span class='ocrx_word' id='word_1_197' title='bbox 2125 3780 2402 3854; x_wconf 71' lang='lat' dir='ltr'><strong>scilieet</strong></span> 
     </span>
     <span class='ocr_line' id='line_1_29' title="bbox 273 3890 2252 4004; baseline -0.001 -32"><span class='ocrx_word' id='word_1_198' title='bbox 273 3899 620 3996; x_wconf 75' lang='lat' dir='ltr'><strong>dogmate,</strong></span> <span class='ocrx_word' id='word_1_199' title='bbox 674 3899 921 3974; x_wconf 87' lang='lat' dir='ltr'><strong>eodem</strong></span> <span class='ocrx_word' id='word_1_200' title='bbox 978 3921 1217 3986; x_wconf 85' lang='lat' dir='ltr'><strong>sensu,</strong></span> <span class='ocrx_word' id='word_1_201' title='bbox 1272 3901 1660 3994; x_wconf 87' lang='lat' dir='ltr'><strong>cademque</strong></span> <span class='ocrx_word' id='word_1_202' title='bbox 1716 3901 2062 3975; x_wconf 87' lang='lat' dir='ltr'><strong>sententia</strong></span> <span class='ocrx_word' id='word_1_203' title='bbox 2115 3890 2252 4004; x_wconf 84' lang='lat'><strong>(1).</strong></span> 
     </span>
    </p>
   </div>
   <div class='ocr_carea' id='block_1_5' title="bbox 439 4383 1569 4479">
    <p class='ocr_par' dir='ltr' id='par_1_6' title="bbox 439 4383 1569 4479">
     <span class='ocr_line' id='line_1_30' title="bbox 439 4383 1569 4479; baseline 0.004 -21"><span class='ocrx_word' id='word_1_204' title='bbox 439 4387 521 4479; x_wconf 77' lang='lat'><strong>(1)</strong></span> <span class='ocrx_word' id='word_1_205' title='bbox 566 4383 755 4458; x_wconf 78' lang='lat' dir='ltr'><strong>vinc.</strong></span> <span class='ocrx_word' id='word_1_206' title='bbox 800 4385 935 4460; x_wconf 80' lang='lat' dir='ltr'><strong>Lir.</strong></span> <span class='ocrx_word' id='word_1_207' title='bbox 981 4387 1315 4463; x_wconf 79' lang='lat' dir='ltr'><strong>common.</strong></span> <span class='ocrx_word' id='word_1_208' title='bbox 1362 4405 1425 4464; x_wconf 79' lang='lat' dir='ltr'><strong>n.</strong></span> <span class='ocrx_word' id='word_1_209' title='bbox 1466 4387 1569 4466; x_wconf 58' lang='grc' dir='ltr'><strong>ΕΒ.</strong></span> 
     </span>
    </p>
   </div>
  </div>
 </body>
</html>
