3292 5275
921 465 1082 549 204

922 620 1170 681 nentes
1203 609 1328 683 has
1366 604 1655 683 Nostros
1710 609 1980 687 litteras
2044 620 2121 683 et
2174 608 2245 683 in
2298 612 2405 683 eis
2440 620 2775 685 contenta
2810 632 3051 704 quae-

921 749 1239 821 cumque,
1273 731 1488 801 etiam
1543 751 1628 802 ex
1680 750 1767 803 eo
1820 730 2012 824 qnod
2065 730 2355 825 quilibet
2392 733 2729 805 interesse
2770 732 3049 807 haben-

785 850 792 859 ’
919 860 1022 923 tes
1077 851 1190 923 vel
1244 851 1502 923 habere
1557 850 2100 942 praetendentes
2174 853 2407 925 vocati
2472 864 2549 926 et
2610 852 2834 924 auditi
2896 874 3043 925 non

919 968 1204 1049 fuerint,
1227 992 1310 1045 ae
1341 971 1739 1061 praemissis
1776 989 1913 1044 uon
1954 974 2431 1045 consenserint
2470 974 2665 1045 nullo
2704 993 3045 1065 umquam

917 1100 1228 1182 tempore
1283 1092 1372 1165 de
1427 1091 1896 1181 subreptionis
1953 1094 2065 1165 vel
2122 1093 2553 1183 obreptionis
2616 1104 2735 1163 aut
2816 1095 3046 1165 nulli-

917 1211 1082 1282 tatis
1136 1212 1314 1285 vitio
1367 1232 1490 1284 seu
1545 1210 1963 1289 intentionis
2004 1208 2303 1285 Nostrae
2358 1226 2485 1285 aut
2540 1214 2677 1285 alio
2722 1214 3047 1307 quolibet

917 1332 1362 1405 substantiali
1417 1333 1697 1405 defectu
1774 1334 2027 1417 notari,
2070 1335 2495 1425 impugnari,
2528 1345 2651 1405 aut
2700 1336 2877 1407 alias
2930 1334 3047 1405 in·

916 1449 1141 1541 iringi,
1173 1452 1532 1543 suspendi,
1561 1450 1917 1541 restringi,
1945 1453 2261 1537 limitari,
2300 1455 2417 1527 vel
2456 1453 2523 1525 in
2562 1455 2671 1527 ius
2710 1467 2834 1525 aut
2872 1476 3045 1526 eon-

915 1570 1328 1643 troversiam
1384 1573 1659 1649 vocari,
1686 1592 1815 1643 seu
1857 1573 2198 1647 adversus
2252 1574 2405 1645 illas
2444 1575 2919 1649 restitutionis
2957 1576 3043 1647 in

925 1690 1266 1783 integrum
1317 1693 1733 1783 aperitionis
1762 1694 1937 1780 oriS,
1962 1705 2085 1763 aut
2110 1696 2298 1767 aliud
2334 1695 2821 1787 quodcumque
2860 1696 3043 1768 iuris

917 1812 1034 1887 vel
1083 1810 1254 1885 faeti
1319 1823 1442 1885 ant
1471 1812 1775 1886 iustitiae
1814 1815 2201 1888 remedium
2240 1816 2599 1907 impetrari
2638 1836 2873 1907 posse,
2914 1816 3043 1887 sed

917 1950 1191 2021 semper
1209 1942 1282 2005 et
1307 1943 1646 2025 perpetuo
1678 1932 1943 2005 validas
1970 1945 2040 2003 et
2066 1932 2377 2013 efficaces
2404 1937 2713 2007 existere
2739 1956 2823 2009 ae
2850 1936 3041 2019 fore,

919 2070 1218 2142 suosque
1277 2052 1631 2143 plenarios
1666 2062 1738 2126 et
1778 2052 2081 2155 integros
2118 2054 2409 2129 effeetus
2458 2055 2695 2130 sortiri
2732 2076 2815 2127 ac
2848 2055 3044 2127 obti-

924 2190 1120 2257 nere,
1175 2181 1248 2243 et
1303 2172 1388 2243 ab
1441 2172 1763 2244 omnibus
1834 2174 1918 2245 od
1988 2195 2169 2266 qnos
2239 2184 2513 2265 spectat
2564 2186 2639 2245 et
2692 2176 3041 2265 spectabit

911 2291 1435 2383 quomodolibet
1495 2290 1567 2363 in
1626 2294 1949 2366 futurum
1988 2294 2495 2371 inviolabiliter
2529 2296 2925 2381 observari,
2962 2306 3039 2369 et

915 2410 974 2485 si
1025 2432 1228 2486 seeus
1303 2432 1514 2505 super
1591 2412 1703 2484 his
1764 2434 1807 2484 a
1862 2434 2217 2508 quoquam
2288 2418 2547 2508 quavis
2618 2415 3037 2489 auctoritate

913 2532 1218 2607 scienter
1271 2534 1392 2609 vel
1426 2531 1851 2631 ¹ignoranter
1918 2536 2297 2625 eontigerit
2358 2538 2721 2621 attentari,
2750 2538 3038 2615 irritum

911 2663 987 2729 et
1021 2655 1251 2730 -inane
1305 2673 1464 2729 esse
1517 2675 1600 2728 ae
1653 2656 1803 2729 rore
1869 2657 2199 2736 volumus
2234 2669 2311 2740 et
2344 2659 2803 2737 declaramus.

1125 2769 1286 2847 Non
1341 2775 1787 2851 obstantibus
1842 2777 2219 2867 praedietis
2246 2773 2522 2857 Nostris
2554 2777 2805 2852 litteris
2832 2775 3036 2872 Apo-

911 2893 1174 2969 stoliois
1230 2895 1360 2966 sub
1415 2896 1701 2985 plumbo
1728 2895 1955 2979 datis„
1980 2897 2069 2968 de
2105 2898 2367 2989 quibus
2400 2897 2721 2988 specialis
2752 2903 3033 2972 mentio

913 3031 1119 3104 supra
1171 3011 1353 3086 faeta
1407 3026 1538 3098 est,
1599 3035 1729 3088 nee
1783 3035 1931 3088 non·
1974 3018 2061 3091 de
2118 3017 2267 3090 iure
2319 3019 2647 3109 ,quaesito
2700 3039 2841 3095 non
2890 3023 3033 3092 tol·

910 3132 1122 3208 leudo
1177 3133 1467 3228 aliisque
1529 3129 1807 3212 Nostris
1860 3147 1935 3208 et
1986 3133 2464 3213 cancellariae
2495 3133 2796 3212 Nostrae
2830 3135 3036 3231 Apo-

813 3259 821 3266 “
911 3251 1194 3327 stoliese
1249 3253 1540 3344 regulis,
1594 3255 1889 3348 aliisque
1931 3256 2331 3348 ‚quibusque
2384 3254 3032 3336 Constitutionibus

910 3383 981 3447 et
1037 3367 1614 3452 ordinationibus
1663 3372 2113 3468 Apostolicis,
2142 3379 2357 3450 etiam
2392 3375 2673 3470 speciali
2722 3388 2797 3450 et
2848 3380 3038 3455 indi-

910 3494 1132 3567 vidua
1191 3496 1540 3576 mentione
1600 3517 1685 3567 ae
1720 3497 2173 3587 derogatione
2210 3497 2459 3591 dignis.
2491 3493 2754 3586 Quibus
2790 3505 3035 3574 omni-

909 3613 1046 3686 bus
1081 3626 1154 3686 et
1190 3617 1486 3707 singulis
1523 3617 1802 3688 illorum
1840 3628 2113 3690 tenores
2144 3619 2632 3710 praesentibus
2658 3640 2781 3710 pro
2814 3620 3031 3710 plene

909 3745 984 3806 et
1039 3733 1464 3810 sufficienter
1517 3739 1877 3827 expressis
1934 3759 2013 3812 ae
2066 3739 2153 3813 de
2208 3739 2421 3818 verbo
2458 3739 2549 3814 od
2582 3741 2877 3812 verbum
2916 3741 3032 3813 in-

909 3857 1120 3926 sertis
1175 3855 1512 3942 habentes
1567 3855 1704 3927 illis
1760 3858 1837 3941 in
1886 3880 2011 3930 suo
2046 3859 2295 3932 robore
2332 3859 2503 3930 alias
2544 3863 3028 3950 permansuris

909 3974 999 4051 nd
1051 3977 1594 4068 praemissorum
1645 3977 1967 4052 effectum
2024 3978 2383 4053 dumtaxat
2456 3977 2795 4053 latissime
2866 3982 3031 4072 ple·

907 4095 1196 4168 nissime
1251 4117 1330 4180 ao
1383 4097 1781 4188 specialiter
1834 4109 1907 4171 et
1960 4119 2283 4190 expresse
2335 4099 2765 4188 derogamus,
2822 4113 3029 4178 eete-

912 4216 1152 4308 risque
1207 4215 1418 4286 etiam
1489 4236 1829 4308 ‚expressa
1904 4216 2227 4310 specifica
2279 4231 2349 4300 et
2402 4219 2761 4304 individua
2820 4241 3029 4296 men·

903 4333 1106 4410 tione
1142 4355 1236 4407 ae·
1263 4335 1719 4428 derogatione
1756 4338 1985 4430 dignis
2020 4341 3021 4437 contrariis-quibuscumque.
