3292 5275
2317 460 2468 544 107

338 597 551 671 etiam
602 619 878 672 eorum·
906 598 1251 690 abnegata
1304 598 1696 691 dignitate,
1729 623 1852 676 eos
1921 605 2034 676 uti
2085 599 2472 677 schismati-

336 740 453 798 cos
508 720 857 793 catholica
910 715 1229 794 Ecclesia
1268 743 1543 815 semper
1578 723 1854 795 habuit.
1917 717 2124 811 Quae
2163 741 2326 796 cum
2381 723 2471 796 ab

333 835 673 916 Armenia
726 836 1509 936 Constantinopolitano
1563 842 1870 918 factione
1928 855 2092 917 acta
2151 846 2467 930 fuerint,

334 983 543 1036 nemo
598 965 915 1056 profecto
950 962 1279 1040 immunes
1317 988 1359 1038 a
1398 977 1605 1039 reatu
1662 966 2073 1040 schismatis
2128 987 2253 1044 eos
2305 987 2475 1041 cen-

337 1104 493 1162 sere
546 1096 811 1176 posset,
847 1085 983 1156 etsi
1020 1087 1411 1178 apostolica
1454 1089 1886 1162 auctoritate
1923 1087 2028 1159 uti
2069 1088 2248 1160 tales
2303 1109 2476 1160 con·-

338 1204 649 1277 demnati
704 1207 1013 1281 nondum
1069 1205 1387 1280 fuissent.
1450 1203 1774 1280 Ecclesia
1829 1206 2042 1295 enim,
2081 1209 2186 1296 uti
2223 1204 2474 1282 Patres

340 1325 735 1400 docuerunt
791 1317 953 1426 (1),
1008 1338 1117 1400 est
1172 1327 1371 1419 plebs
1430 1328 1783 1400 sacerdoti
1840 1328 2172 1414 adunata,
2231 1336 2315 1402 et·
2360 1350 2479 1422 pa-

342 1445 511 1519 stori
568 1470 697 1522 suo
732 1469 905 1541 grex
946 1449 1341 1521 adhaerens
1372 1469 1398 1537 3
1454 1447 1752 1543 proinde
1795 1445 2194 1542 Episcopus
2252 1448 2322 1522 in
2357 1471 2477 1522 ec·-

342 1568 555 1642 clesia
613 1580 747 1656 est,
804 1581 874 1642 et
932 1571 1231 1642 ecclesia
1284 1570 1352 1640 in
1391 1565 1746 1662 Episcopo
1777 1591 1802 1657 ;
1857 1581 1930 1643 et
1985 1569 2042 1641 si
2099 1572 2258 1663 quis
2315 1591 2478 1644 cum

340 1682 690 1782 Episcopo
746 1711 887 1762 non
944 1691 1065 1774 sit,
1124 1688 1192 1759 in
1250 1691 1551 1764 ecelesia
1608 1713 1745 1763 non
1803 1701 1932 1764 est.
1975 1687 2342 1775 Ceterum,
2383 1688 2479 1762 si·-

340 1820 457 1880 cut
509 1810 842 1884 monebat
895 1811 1395 1902 praedecessor
1452 1807 1723 1889 Noster,
1783 1808 1954 1886 Pius
2013 1807 2104 1884 vl
2167 1812 2241 1883 in
2305 1834 2480 1906 apo-

344 1930 623 2006 stolicis.
658 1932 919 2005 litteris
950 1923 1084 2029 (2),
1142 1932 1399 2025 quibus
1454 1930 1744 2006 civilem
1799 1933 1972 2005 cleri
2025 1934 2482 2008 constitutio-

344 2071 497 2122 nem
554 2052 626 2122 iu-
680 2047 933 2124 Galliis
990 2051 1537 2138 condemnavit,
1598 2075 1806 2147 saepe
1881 2052 2244 2146 disciplina
2299 2055 2477 2127 adeo

344 2172 681 2251 cohaeret
736 2172 1045 2262 dogmati
1098 2184 1171 2245 et
1226 2173 1309 2244 ad
1364 2173 1519 2246 eius
1584 2172 1920 2266 puritatis
1999 2175 2482 2248 conservatio-

349 2310 505 2364 nem
562 2292 741 2364 adeo
798 2289 1059 2378 influit,
1118 2303 1201 2366 ut
1256 2313 1456 2365 sacra
1510 2292 1805 2366 concilia
1861 2291 2181 2386 pluribus
2237 2290 2308 2364 in
2363 2308 2480 2366 ca-

349 2411 543 2484 sibus
598 2411 1009 2504 diseiplinae
1062 2414 1445 2489 violatores
1502 2415 1587 2484 ab
1624 2408 1992 2489 Ecclesiae
2047 2413 2482 2486 communio-

348 2552 437 2604 ne
496 2552 619 2626 per
675 2533 1039 2606 anathema
1098 2555 1429 2627 separare
1484 2556 1629 2610 non
1683 2532 2182 2608 dubitaverint.

460 2644 581 2727 13.
637 2650 903 2729 Verum
938 2650 1513 2730 Neoschismatici
1550 2656 1848 2733 ulterius
1889 2655 2238 2750 progressi
2274 2664 2480 2741 sunt,

350 2775 925 2876 quandoquidem
1001 2800 1037 2847 α
1082 2780 1350 2865 nullum
1406 2776 1707 2853 schisma
1776 2768 1882 2876 (3)
1947 2800 2088 2851 non
2165 2778 2300 2850 sibi
2357 2778 2486 2851 ali·-

354 2926 391 2975 »
458 2888 695 2997 quam'
728 2898 1069 2991 confingit
1124 2900 1499 2988 haeresim,
1537 2912 1617 2973 ut
1657 2910 1854 2973 recte
1891 2899 1983 2973 ab
2015 2895 2338 2973 Ecclesia
2374 2918 2492 2971 re·-

356 3044 395 3095 »
460 3022 759 3095 cessisse
813 3020 1165 3093 videatur.
1213 3043 1247 3091 >³
1294 3017 1444 3095 Non
1485 3022 1694 3103 „enim
1729 3033 1802 3093 et
1838 3015 2314 3113 Apostolicam
2363 3016 2491 3091 Se-

352 3143 513 3217 dem
566 3140 922 3217 criminari
984 3142 1196 3217 veriti
1252 3162 1399 3214 non
1454 3152 1646 3226 sunt,
1687 3142 1886 3235 quasi
1943 3139 2120 3214 fines
2176 3148 2490 3233 potesta-

352 3265 447 3336 tis
501 3257 805 3338 Nostrae
860 3262 1325 3356 supergressi,
1384 3262 1461 3334 in
1513 3263 1824 3340 alienam
1887 3270 2184 3337 messem
2239 3260 2490 3333 falcem

360 3384 657 3457 iniicere
712 3383 1423 3476 praesumpserimus,
1464 3400 1623 3455 cum
1679 3382 2028 3476 quaedam
2085 3378 2490 3474 disciplinae

358 3506 583 3597 capita
622 3506 695 3575 in
734 3501 1071 3579 Armenio
1109 3504 1591 3597 patriarchatu
1628 3504 1984 3577 servanda
2009 3503 2490 3589 ’ediceremus;

358 3623 664 3719 perinde
717 3646 797 3697 ac
844 3624 901 3695 si
938 3620 1405 3699 Orientalium
1460 3622 1792 3700 ecclesiae
1849 3625 2072 3699 solam
2108 3618 2492 3696 Nobiscum

363 3747 527 3819 fidei
582 3747 1143 3822 communionem
1218 3755 1290 3819 et
1365 3747 1708 3819 unitatem
1763 3766 2056 3819 servare
2112 3744 2492 3827 deberent,

360 3866 779 3961 apostolicae
818 3877 1053 3939 autem
1092 3862 1173 3937 B.
1211 3862 1408 3939 Petri
1438 3868 1774 3961 potestati
1815 3867 1886 3937 in
1924 3866 2032 3937 his
2063 3886 2242 3959 quae
2281 3860 2499 3954 perti-

358 3998 531 4063 nent
562 3990 653 4062 ad
688 3986 1135 4081 disciplinam
1166 4010 1305 4063 non
1332 3998 1567 4063 essent
1600 3988 1977 4062 obnoxiae.
2009 3982 2229 4060 Porro
2255 3984 2499 4057 huius-

524 4192 607 4276 (1)
653 4192 735 4263 S.·
754 4194 1057 4279 cyprian.
1082 4214 1187 4277 ep.
1208 4192 1309 4261 66.
1336 4195 1418 4259 ad
1444 4194 1850 4259 Florentium
1877 4194 2268 4278 Pupianum.
2299 4208 2366 4257 n.
2390 4189 2452 4258 8.

503 4288 610 4379 .(2>
664 4288 849 4367 Quod
888 4288 1311 4374 aliquantum,
1330 4285 1423 4356 10.
1452 4289 1678 4354 Martii
1714 4286 1894 4356 1791.

520 4383 601 4471 (3)
658 4383 725 4449 S.
770 4382 1037 4449 Hieron.
1083 4385 1147 4449 in
1187 4402 1293 4465 ep.
1335 4384 1417 4447 ad
1460 4382 1585 4449 Tit.
1632 4400 1692 4447 c.
1733 4380 1796 4449 3.
1841 4402 1950 4453 vv.
1993 4376 2094 4451 10.
2139 4377 2241 4448 11.
