3292 5275
886 498 1041 585 362

874 646 997 717 dos
1037 646 1105 715 in
1144 640 1443 717 Domino
1482 646 1910 737 putavimus.
1943 640 2246 717 Proinde
2277 641 2880 716 Constitutionem
2909 642 3010 713 ad

870 768 1235 839 universos
1287 762 1792 838 christifideles
1847 765 2218 848 edidimus,
2259 785 2402 858 qua
2457 761 2750 837 lubilaei
2805 764 3008 836 eius·-

869 890 1031 961 dem
1084 888 1585 979 indulgentiam
1660 887 2118 972 extendimuS,
2173 895 2244 957 et
2297 906 2477 978 quae
2563 882 2674 976 pia
2743 906 3000 977 opera,

865 1032 1135 1105 quoque
1193 1008 1530 1100 temporis
1570 1011 1800 1102 spatio
1839 1008 1924 1079 ad
1963 1028 2118 1080 eam
2163 1007 2730 1100 consequendam
2789 1026 3007 1099 prae-

867 1132 1036 1205 stari
1092 1132 1418 1214 debeant,
1477 1131 1641 1201 item
1700 1128 2072 1221 permissas
2129 1127 2418 1200 arbitrio
2478 1138 2714 1200 vestro
2770 1126 3002 1201 facul-

864 1266 1049 1326 tates
1103 1252 1411 1324 iniuncta
1469 1271 1678 1344 opera
1735 1251 2237 1334 commutandi,
2281 1261 2406 1322 aut
2444 1250 2832 1342 redigendi,
2869 1272 2996 1322 eo-

864 1395 1017 1445 rum
1073 1372 1433 1444 commodo
1470 1374 1593 1465 qui
1655 1371 1971 1464 impediti
2026 1372 2334 1461 legitime
2393 1372 2680 1451 fuerint,
2721 1370 2996 1443 indica-

860 1516 1042 1578 muS,
1085 1514 1409 1587 eamque,
1457 1502 1533 1565 ut
1589 1510 1716 1583 per
1769 1486 1910 1563 Vos
1966 1493 2292 1581 cognosci
2333 1492 2416 1561 ab
2455 1492 2778 1564 omnibus
2819 1516 2994 1585 pos-

860 1618 979 1701 sit,
1036 1609 1251 1687 Vobis
1308 1614 1672 1685 mittimus.
1731 1600 1810 1683 In
1866 1628 1944 1683 rc
1997 1618 2244 1685 autem
2303 1613 2705 1685 huiusmodi
2775 1634 2994 1706 quam

861 1734 1257 1809 necessaria
1335 1756 1547 1823 opera
1606 1744 1842 1806 vestra
1884 1734 2018 1815 -sit,
2077 1746 2474 1827 quantaque
2534 1728 2757 1805 Vobis'
2818 1756 2996 1807 con-

862 1858 1180 1929 tentione
1240 1856 1329 1927 sit
1387 1854 1875 1935 laborandum,
1913 1864 1991 1927 ut
2047 1854 2286 1927 felices
2349 1856 2664 1926 consiliis
2717 1850 2994 1929 Nostris

858 1981 1095 2051 exitus
1138 1976 1633 2068 respondeant,
1674 1975 1848 2045 nihil
1887 1995 2172 2047 necesse
2228 1984 2336 2046 est
2373 1976 2634 2047 dicere.
2679 1972 2994 2048 Tantum

856 2098 1043 2171 enlm
1099 2097 1411 2169 boniex
1468 2094 1760 2167 solemni
1846 2095 1972 2169 hac
2029 2093 2198 2169 anni
2275 2096 2458 2170 sacri
2513 2097 2992 2173 celebratione

854 2221 1257 2313 percepturi
1300 2230 1463 2290 sunt
1504 2218 1772 2309 populi,
1811 2228 2146 2310 quantum
2184 2216 2587 2308 diligentiae
2625 2218 2990 2314 studiique

852 2340 939 2412 ad
1025 2362 1128 2425 se,
1188 2339 1286 2411 uti
1375 2361 1500 2430 par
1552 2349 1686 2421 est,
1746 2338 2264 2431 praeparandos
2349 2338 2848 2411 adhibuerint:
2907 2354 2992 2414 ut

852 2475 1091 2532 autem
1133 2460 1508 2552 plurimum
1548 2459 1947 2542 adhibeant,
1993 2459 2060 2529 id
2099 2480 2188 2530 ex
2239 2458 2428 2531 curis
2479 2459 2760 2551 pendet,
2803 2484 2991 2554 quas

852 2582 923 2653 in
982 2578 1051 2652 id
1112 2600 1238 2674 pro
1304 2596 1593 2654 munere
1651 2574 1862 2652 officii
1920 2578 2136 2652 vestri
2191 2580 2562 2672 pastoralis
2616 2582 2992 2674 impende·

850 2703 1028 2774 ritis.
1088 2699 1489 2793 Agnoscunt
1544 2703 1752 2793 igitur
1809 2720 1934 2793 pei·
1972 2697 2112 2773 Vos
2145 2702 2313 2795 quid
2367 2713 2437 2772 et
2493 2716 2840 2796 quantum
2895 2707 2992 2778 il·-

845 2825 968 2895 lud
1023 2825 1111 2894 sit
1162 2825 1351 2918 quod
1408 2826 1509 2896 eis
1566 2821 1922 2894 tribuitur.
1983 2817 2351 2895 Ostendite
2437 2824 2738 2896 thesauri
2817 2848 2984 2917 pre-

850 2946 1019 3016 tium
1074 2965 1284 3038 quem
1346 2961 1760 3030 reseramuS,
1798 2956 1869 3015 et
1909 2962 2126 3038 quam
2162 2945 2366 3016 facile
2403 2965 2648 3018 omnes
2703 2947 2984 3037 possint

844 3067 999 3138 eius
1054 3065 1469 3139 divitiarum
1504 3083 1664 3138 esse
1705 3067 2116 3157 participes,
2162 3076 2310 3138 tum
2349 3066 2436 3138 ob
2475 3067 2982 3159 amplissimas,

842 3203 1016 3280 quas
1074 3181 1419 3259 Ministris
1494 3181 1986 3260 Poenitentiae
2025 3207 2028 3210 ’
2071 3187 2516 3260 concedimus
2597 3188 2986 3263 facultates

842 3318 1130 3400 peccatu
1191 3307 1627 3391 remittendi,
1665 3319 1812 3378 tum
1849 3309 1934 3379 ob
1976 3309 2198 3402 ipsam
2255 3326 2550 3399 operum
2603 3323 2978 3397 naturam,

840 3443 1023 3522 quae
1080 3431 1531 3520 imponuntur
1612 3431 1920 3520 peccatis
1985 3429 2378 3522 expiandis
2439 3427 2647 3502 Scitis
2701 3447 2981 3526 quanta

838 3539 1170 3622 fueritea
1212 3551 1285 3620 in
1326 3565 1406 3620 rc
1458 3551 1871 3643 disciplinae
1927 3552 2278 3624 severitas
2312 3552 2394 3621 in
2443 3547 2768 3626 Ecclesia
2808 3571 2978 3628 ante

839 3663 1197 3742 saeculum
1246 3680 1607 3763 :quartum
1693 3667 2560 3765 decimum..Quicumque
2635 3693 2766 3765 pro
2821 3678 2978 3748 sola

836 3787 1239 3875 dovotione,
1294 3792 1392 3860 ait
1446 3789 1565 3862 fel«
1614 3811 1768 3863 rec.
1828 3786 2332 3865 praedecessor
2407 3805 2650 3866 noetcr
2728 3789 2974 3868 Urba-

834 3927 969 3983 nus
1027 3909 1090 3983 ll
1148 3908 1595 3984 in·Concilio
1647 3909 2218 4000 Claromontuuo,
2267 3937 2303 3984 α
2337 3929 2478 3986 non
2555 3937 2684 4008 pro
2734 3917 2974 3990 hono·

842 4052 875 4099 n
924 4034 1050 4120 ris,
1102 4035 1231 4105 vel·
1292 4036 1627 4126 pecuniae
1687 4035 2090 4126 adeptione,
2149 4037 2236 4106 ad
2317 4036 2756 4110 liberandam
2813 4035 2974 4112 Ec·-

840 4169 875 4220 »
920 4155 1229 4228 alesiam·
1263 4149 1389 4227 Dei
1447 4145 1830 4227 Ierusalem
1880 4157 2244 4250 'profectus
2300 4155 2542 4245 fuerit,
2589 4160 2728 4231 iter
2783 4161 2968 4236 illud

838 4293 874 4340 n
920 4279 1277 4366 pro-omni
1334 4277 1772 4367 poenitentia
1828 4289 2220 4370 reputetur·
2249 4297 2284 4346 ι»
2331 4271 2572 4374 Neque
2619 4303 2796 4354 sanc
2833 4285 2972 4356 ali-

834 4405 939 4468 tur
980 4397 1468 4474 tunwconeedi
1498 4397 1893 4492 rplenu-inm
1931 4397 2435 4494 indulgentiam
2473 4405 2750 4478 solitam
2789 4404 2969 4484 fub-
