3292 5275
2297 464 2450 546 345

328 621 447 680 aut
498 605 963 702 dignitatibus
996 607 1485 680 ecclesiasticis
1540 608 1656 680 vel
1711 608 2042 679 civilibus
2090 619 2454 698 praestan-

326 741 460 812 tes,
500 728 623 800 sed
662 725 793 798 fide
832 724 1233 810 nobiliores,
1284 729 1549 821 quique
1586 747 1834 800 omnes
1869 727 2130 804 aflectu
2168 737 2242 798 et
2274 749 2452 820 ope·

324 871 401 920 re
454 848 675 920 iuncti
732 847 1085 940 plerisque
1152 865 1243 918 ex
1312 849 1517 920 istius
1584 849 1778 924 urbis
1833 859 1906 919 et
1961 859 2451 939 occupatarum

322 968 844 1065 provinciarum
900 968 1205 1053 civibuS,
1262 967 1395 1039 huc
1452 991 1491 1039 a
1548 968 1812 1040 dissitis
1865 969 2078 1042 etiam
2147 969 2456 1058 regioni·-

320 1092 451 1162 bus
492 1089 982 1169 convolarunt,
1034 1087 1417 1180 iisdemque
1456 1108 1535 1160 se
1572 1089 1880 1160 obiicere
1917 1088 2301 1162 voluerunt
2333 1109 2454 1181 pe-

320 1210 571 1284 riculis
625 1220 700 1280 et
754 1207 1211 1279 contumeliis
1239 1253 1260 1290 ‚
1324 1207 1581 1300 quibus
1636 1202 1780 1280 Nos
1835 1227 2076 1285 snmus
2129 1207 2448 1281 obnoxii,

316 1341 401 1402 ut
436 1349 673 1402 eoram
703 1338 1139 1400 testarentur
1176 1327 1553 1419 religiosos
1588 1349 1786 1412 suoS,
1819 1347 2244 1421 suorumque
2279 1348 2454 1402 con-

316 1448 587 1526 civium
644 1469 807 1542 erga
865 1443 1005 1520 Nos
1062 1467 1313 1521 sensus
1334 1497 1356 1531 ,
1414 1441 1768 1542 Nobisque
1825 1447 2184 1522 volumina
2237 1447 2452 1520 afler-

316 1581 508 1655 rent,
548 1570 805 1664 quibus
834 1569 1145 1660 plurima
1186 1577 1487 1641 centena
1524 1567 1746 1642 millia
1783 1566 2096 1644 fidelium
2133 1587 2226 1640 ex
2257 1569 2447 1640 omni

317 1703 551 1784 gente,
608 1689 895 1783 proprio
954 1688 1305 1781 adscripto
1360 1691 1675 1772 nomine,
1735 1685 1966 1763 Nostri
2007 1690 2448 1782 principatus

316 1809 753 1884 invasionem
810 1810 1146 1879 acerrime
1202 1809 1668 1901 configebant,
1723 1810 2022 1904 eiusque
2057 1809 2448 1884 restitutio·-

314 1954 478 2005 uem
534 1953 578 2004 a
632 1927 992 2022 religione,
1054 1930 1361 2015 iustitia,
1421 1932 1713 2022 ipsaque
1769 1931 2116 2004 civilitate
2169 1930 2452 2021 flagita·-

318 2066 459 2127 tam
522 2064 593 2123 et
650 2061 1092 2144 praeceptam
1132 2051 1435 2142 graviter
1474 2051 2033 2142 expostulabant.
2081 2045 2230 2124 Hae
2271 2073 2444 2125 vero

314 2173 697 2246 occasione
758 2171 936 2263 stips
976 2192 1255 2265 quoque
1304 2167 1519 2244 Nobis
1574 2173 1778 2244 solito
1832 2171 2088 2260 largior
2142 2173 2440 2253 affluxit,

312 2315 455 2386 qua
514 2311 859 2384 pauperes
914 2293 1122 2364 simul
1160 2313 1245 2364 ac
1282 2291 1535 2364 divites
1574 2310 1944 2364 occurrere
2001 2293 2236 2371 conati
2277 2305 2444 2366 sunt

317 2415 555 2485 factae
612 2407 831 2484 Nobis
886 2410 1204 2502 inopiae,
1260 2415 1377 2484 cui
1436 2431 1792 2486 accessere
1857 2431 2148 2485 munera
2203 2415 2444 2484 multi-

312 2535 561 2626 plicia,
622 2531 845 2617 varia,
902 2533 1358 2615 nobilissima,
1400 2533 1980 2626 splendidumque
2019 2534 2444 2610 christiana·

312 2676 571 2728 narum
632 2658 896 2728 artium
952 2667 1025 2727 et
1082 2656 1523 2745 ingeniorum
1600 2655 1949 2727 tributum
2019 2655 2436 2727 relevandae

312 2778 725 2869 praesertim
782 2776 1379 2849 accommodatum
1416 2776 1684 2868 duplici
1745 2771 1960 2853 Nobis
1997 2798 2040 2847 a
2078 2772 2228 2847 Deo
2267 2796 2441 2850 con·-

312 2918 555 2967 cessae
612 2896 942 2989 potestati
1021 2896 1374 2988 spirituali
1442 2916 1519 2966 ac
1578 2897 1873 2986 regiae3
1938 2909 2008 2967 et
2063 2906 2434 2987 praeterea

312 3017 597 3108 eopiosa
652 3015 1157 3108 splendidaque
1224 3015 1543 3108 supellex
1602 3036 1968 3088 sacrarum
2007 3012 2304 3087 vestium
2361 3028 2434 3087 et

314 3134 747 3220 utensilium,
804 3159 945 3230 qua
1000 3134 1307 3229 squalori
1346 3148 1419 3207 et
1457 3138 1756 3226 egestati
1798 3144 1904 3207 tot
1950 3130 2436 3216 Ecclesiarum

310 3255 621 3348 undique
678 3277 1039 3329 occurrere
1094 3276 1485 3347 possemus.
1545 3250 1792 3327 Mirum
1829 3266 2026 3326 certe
2065 3266 2436 3347 spectacu-

306 3378 453 3448 lum
492 3374 775 3447 unitatis
812 3377 1224 3459 catholicae,
1265 3376 1453 3467 quod
1488 3376 1870 3447 evidenter
1909 3372 2250 3458 ostendit,
2289 3372 2435 3447 Ec·

312 3498 601 3569 clesiam
656 3498 1085 3580 universam,
1144 3496 1304 3569 licet
1372 3505 1519 3569 toto
1576 3495 1898 3569 diffusam
1955 3497 2155 3580 orbe,
2209 3498 2434 3588 genti-

308 3618 584 3710 busque
642 3628 1082 3709 compactam
1120 3618 1517 3710 disparibus
1552 3616 1894 3700 moribus,
1937 3616 2244 3709 ingenio,
2285 3628 2433 3691 stu-

306 3738 475 3822 diis,
534 3758 680 3809 uno
740 3736 1099 3810 informari
1144 3732 1277 3809 Dei
1336 3738 1641 3830 spiritu3
1696 3747 1770 3808 et
1823 3758 1908 3807 eo
1963 3736 2428 3829 prodigiosius

306 3858 397 3929 ab
450 3858 605 3949 ipso
660 3856 1071 3941 confortari,
1128 3880 1275 3952 quo
1334 3858 1670 3929 furiosius
1707 3856 1892 3927 illam
1931 3856 2318 3931 insectatur
2353 3870 2428 3931 et

306 3988 511 4069 urget
563 3976 924 4071 impietaS,
976 3991 1051 4050 et
1104 4000 1247 4072 quo
1302 3976 1627 4051 callidius
1675 3977 1860 4049 omni
1899 3978 2126 4071 ipsam
2180 3978 2428 4053 huma·-

306 4117 401 4169 no
458 4098 721 4170 auxilio
776 4097 1157 4171 destituere
1216 4108 1539 4175 conatur.
1598 4094 1881 4171 Effusae
1921 4098 2132 4189 igitur
2163 4112 2240 4173 et
2273 4122 2428 4173 ma·-

307 4218 543 4289 ximae
581 4212 665 4288 Ei
704 4216 967 4308 gratiae
1013 4218 1430 4304 habeantur,
1460 4220 1581 4311 qui
1640 4218 1807 4292 dum
1843 4220 1942 4290 ita
1980 4219 2100 4291 dat
2138 4204 2424 4311 gloriam

302 4336 562 4411 nomini
622 4360 781 4422 suo,
840 4358 965 4431 per
1023 4352 1457 4432 praesentem
1510 4340 1736 4433 ipsam
1793 4338 2076 4416 virtutis
2131 4338 2420 4438 opisque
