3292 5275
299 619 498 712 perii.
537 614 924 691 Conventio
981 619 1309 689 nimirum
1352 621 1530 691 inter
1567 613 1710 691 Nos
1778 629 1863 691 et·
1910 619 2433 694 serenissimum

301 736 791 833 Imperatorem
831 759 1016 811 anno
1059 730 1264 812 1855
1307 740 1472 810 inita
1510 732 1616 838 (l)
1668 761 1747 812 ac
1785 742 1871 810 ab
1911 741 2155 812 eodem
2191 743 2435 815 catho-

297 859 430 932 lico
486 861 804 952 principe
847 859 1146 964 ‚solemni
1203 862 1588 952 sponsione
1643 837 1927 932 munita
1985 861 2249 954 totique
2306 857 2435 932 lm-

297 978 490 1075 perio
545 982 762 1051 instar
813 980 1136 1073 publicae
1191 981 1362 1073 legis
1420 983 1889 1073 promulgata,
1920 1003 2102 1054 nunc
2142 979 2431 1073 imperii

297 1095 614 1174 Comitiis
670 1101 1086 1173 declaranda
1149 1102 1565 1194 proponitur
1600 1113 1943 1194 tanquam
1984 1103 2173 1174 omni
2231 1123 2436 1195 pror·-

300 1221 421 1294 sus
478 1245 556 1293 cx
613 1223 1191 1313 parte'abrogata
1247 1233 1317 1292 et
1377 1223 1580 1294 irrita
1622 1222 1926 1315 „idque
2004 1224 2195 1294 nulla
2271 1245 2432 1295 cum

297 1345 428 1415 hac
482 1341 881 1435 Apostolica
935 1338 1114 1413 Sede
1171 1345 1587 1415 tractatione
1644 1363 2083 1433 praegressa,
2141 1343 2280 1415 imo
2358 1353 2435 1415 et

299 1463 704 1535 iustissimis
727 1459 994 1534 Nostris
1017 1463 1709 1554 expostulationibus
1742 1463 1942 1554 plane
1976 1465 2427 1556 contemptis.

297 1579 486 1654 Haec
545 1583 854 1674 profecto
910 1581 992 1654 iis
1051 1583 1475 1691 temporibus
1516 1631 1536 1666 ,
1599 1583 1865 1688 quibus
1920 1582 2091 1655 fides
2150 1583 2429 1678 publica

297 1704 546 1776 adhuc
583 1703 865 1787 valuit,
924 1726 1008 1776 ne
1067 1703 1324 1774 tentari
1382 1683 1672 1796 quidem
1743 1703 2187 1794 potuissent3
2246 1726 2429 1776 nunc

297 1845 473 1896 vero
527 1825 600 1894 in
657 1823 782 1894 hac
839 1805 1244 1895 tristissima
1301 1845 1534 1895 rerum
1591 1823 1993 1896 conditione
2038 1834 2111 1897 et
2152 1835 2436 1897 tentan-

301 1957 418 2016 tur
469 1955 542 2017 et
580 1942 1066 2035 perficiuntur.
1111 1941 1372 2016 Contra
1411 1947 1592 2016 hanc
1631 1943 1995 2016 sollemnis
2040 1947 2225 2036 pacti
2266 1967 2436 2016 con·-

301 2067 496 2140 venti
553 2065 1003 2138 violationem
1057 2087 1284 2138 coram
1343 2067 1586 2153 vobis,
1641 2062 1907 2137 Dilecti
1968 2063 2133 2137 Filii
2190 2059 2429 2139 Nostri

302 2210 386 2260 ac
441 2183 888 2259 Venerabiles
945 2183 1259 2273 FratreS,
1320 2187 1578 2261 iterum
1634 2193 2165 2277 protestamur,'
2206 2184 2431 2259 multo

297 2329 475 2382 vero
529 2309 744 2399 magis
800 2309 1050 2380 intimo
1112 2307 1324 2379 animi
1365 2303 1598 2380 Nostri
1639 2309 1883 2380 dolore
1922 2307 2428 2380 denunciamus

301 2451 388 2502 ac
443 2429 892 2522 reprobamus
947 2427 1272 2500 iniuriam
1327 2429 1514 2499 illam
1551 2429 1679 2500 toti
1722 2424 2087 2534 Ecclesiae
2126 2429 2427 2510 illatam,

301 2551 470 2622 dum
506 2560 574 2621 et
601 2549 830 2623 huius
884 2545 1305 2622 Concordati
1363 2548 1833 2640 abrogationis
1888 2561 1961 2621 et
2036 2559 2429 2621 ceterarum

301 2692 759 2746 connexarum
813 2673 1047 2762 legum
1103 2692 1316 2744 causa
1373 2681 1447 2743 et
1503 2672 1869 2743 excusatio
1930 2672 2267 2744 audacter
2322 2692 2433 2743 re-

300 2794 527 2865 fertur
579 2792 660 2863 ad
717 2792 1164 2864 definitiones
1221 2791 1578 2864 revelatae
1635 2762 1997 2863 doetrinae
2056 2791 2142 2861 ab
2196 2786 2431 2862 Oeen-

299 2914 580 2985 menico
635 2908 972 2985 Vaticano
1031 2910 1348 2985 Concilio
1405 2912 1637 3015 editas
1671 2962 1691 2997 ,
1751 2922 1958 3004 atque
2031 2911 2239 2983 haec
2280 2912 2429 3002 ipsa

302 3034 638 3105 catholica
695 3033 1011 3125 dogmata
1071 3034 1283 3124 impie
1345 3008 1793 3126 appellantur
1832 3031 2320 3103 innovationes
2360 3042 2431 3102 et

301 3157 881 3227 commutationes
939 3152 1300 3225 doctrinae
1354 3151 1516 3223 fidei
1574 3162 1642 3222 et
1697 3147 2249 3223 Constitutionis
2294 3148 2431 3223 Ec-

301 3264 560 3347 clesiae
615 3274 998 3347 catholicae
1052 3265 1189 3374 (2).
1142 3252 1598 3369 )Equidem
1658 3274 1714 3343 si
1772 3276 1899 3365 qui
1966 3284 2135 3344 sunt
2192 3270 2261 3341 in
2291 3266 2433 3343 Au-

299 3394 554 3468 striaca
609 3394 915 3467 ditione
921 3396 1040 3487 qui
1103 3390 1376 3463 nefariis
1431 3392 1773 3491 eiusmodi
1834 3394 2250 3464 commentis
2308 3414 2431 3465 ca-

302 3514 630 3588 tholicam
685 3490 892 3587 fidem
948 3493 1336 3594 abiiciant,
1395 3534 1548 3584 eam
1606 3515 1865 3585 retinet
1920 3534 1999 3583 ac
2053 3512 2424 3603 profitetur

301 3656 465 3710 cum
522 3636 837 3727 gloriosis
875 3632 1050 3706 Avis
1105 3633 1250 3705 suis
1308 3643 1602 3727 totaque
1662 3633 2009 3724 imperiali
2067 3620 2267 3704 domo
2307 3654 2435 3705 au·-

305 3756 746 3846 gustissimus
776 3732 1136 3847 Princeps,
1180 3776 1334 3826 eam
1394 3755 1653 3825 retinet
1696 3774 1780 3825 ae
1826 3738 2191 3847 profitetur
2228 3752 2429 3844 longe

301 3876 599 3979 maxima
658 3896 815 3967 pars
872 3876 1142 3967 populi,
1185 3876 1300 3945 cui
1341 3872 1528 3964 leges
1567 3858 1899 3945 feruntur
1956 3860 2210 3946 talibus
2246 3894 2434 3945 com-

303 3972 586 4067 mentis·
616 3996 920 4067 innixae.
1185 3976 1194 3985 ’
2041 3980 2049 3992 ’

513 4112 618 4187 lta
647 4111 862 4187 Nobis
903 4116 1142 4187 insciis
1181 4124 1252 4187 et
1290 4110 1536 4189 invitis
1594 4096 1891 4186 rescissa
1928 4102 2421 4189 'conventione

463 4270 544 4365 (1)
589 4282 812 4345 Actor.
863 4278 1011 4345 vol.
1061 4280 1141 4344 11.
1189 4300 1335 4367 pag.
1381 4277 1522 4349 459.

465 4372 544 4455 (2)
589 4372 988 4439 Motivorum
1035 4369 1281 4457 Expos.
1325 4372 1516 4461 p.25.
