3292 5275
864 447 1019 532 104

864 615 904 664 »
975 594 1093 674 ho,
1134 589 1254 660 sed
1301 600 1373 660 et
1409 591 1733 664 omnibus
1791 591 2056 664 sanctis
2115 591 2404 684 synodis
2461 589 2847 664 secundum
2885 611 3018 664 sa-

863 737 902 785 »
964 735 1123 786 cros
1210 732 1523 784 canones
1584 722 1660 785 et
1715 713 2084 798 terminos,
2141 713 2630 785 universarum
2685 731 2862 802 quae
2921 711 3016 782 in

860 857 895 906 »
964 843 1109 906 toto
1165 843 1507 904 terrarum
1564 835 1732 906 orbe
1790 846 1958 906 sunt
2013 847 2426 908 sanctarum
2465 831 2598 906 Dei
2635 829 3012 905 Ecclesia-

858 977 893 1024 »
958 976 1111 1028 rum
1143 1003 1165 1039 ,
1222 953 1295 1026 in
1350 955 1675 1027 omnibus
1741 966 1813 1026 et
1898 977 2024 1049 per
2079 957 2320 1029 omnia
2375 953 2691 1049 percepit
2745 965 2817 1026 et
2871 953 3008 1025 ha-

856 1097 893 1148 »
955 1076 1075 1148 bet
1130 1073 1522 1166 imperium,
1580 1077 2067 1149 auctoritatem
2121 1086 2194 1147 et
2249 1087 2671 1170 potestatem
2727 1068 3006 1165 ligandi

858 1217 895 1268 r
960 1206 1032 1268 et
1090 1195 1434 1269 solvendi.
1482 1219 1517 1266 ³>
1582 1191 1828 1284 Quare
1887 1193 2183 1272 loannes
2221 1193 2611 1290 Episcopus
2651 1192 3009 1270 Constan-

852 1318 1389 1411 tinopolitanuS,
1454 1317 1650 1412 quod
1704 1329 1948 1411 postca
2003 1320 2088 1390 ab
2143 1320 2484 1391 universa
2521 1313 3002 1391 Oecumenica

850 1436 1141 1532 Synodo
1198 1435 1357 1510 vlu
1446 1441 1711 1512 factum
1768 1449 1878 1512 est
1911 1489 1930 1526 ,
1991 1440 2407 1513 solemniter
2463 1439 3002 1532 protestabatur

860 1583 897 1630 ι
958 1570 1431 1653 sequestratos
1492 1585 1532 1634 a
1588 1563 2092 1634 communione
2150 1557 2513 1632 Ecclesiae
2569 1559 2998 1642 catholicae,

856 1703 892 1754 7»
956 1675 1031 1754 id
1083 1693 1191 1753 cst
1248 1682 1325 1753 in
1378 1683 1708 1758 omnibus
1769 1705 1912 1757 non
1998 1683 2518 1756 consentientes
2571 1677 2738 1754 Sedi
2791 1679 3002 1776 Apo-

857 1823 893 1872 »
960 1803 1275 1892 stolicae‚
1336 1826 1584 1879 eorum
1640 1807 1926 1879 nomina
1981 1805 2165 1877 inter
2221 1825 2424 1877 sacra
2477 1825 2623 1875 non
2678 1823 2836 1875 esse
2877 1824 3001 1876 re-

856 1943 895 1995 »
959 1925 1242 2000 citanda
1298 1927 1637 2021 mysteria
1682 1917 1787 2026 (1)
1835 1951 1868 1998 n
1912 1948 1931 1997 ε
1991 1949 2130 2021 quo
2189 1927 2410 2020 palam
2468 1921 2996 2016 significabant,

852 2065 927 2118 se
983 2068 1105 2118 eos
1146 2048 1257 2121 uti
1298 2049 1652 2121 veraciter
1690 2047 2076 2121 catholicos
2133 2069 2274 2122 non
2331 2067 2734 2140 agnoscere.
2791 2039 2997 2134 Quae

851 2169 1089 2240 omnia
1144 2169 1325 2241 tanti
1384 2182 1551 2243 sunt
1607 2170 1938 2263 ponderis
1969 2220 1990 2256 ‚
2048 2182 2128 2244 ut
2199 2167 2518 2264 quisquis
2575 2191 2614 2240 a
2665 2163 2994 2242 Romano

850 2279 1197 2361 Pontiflce
1238 2289 1727 2363 schismaticus
1765 2290 1976 2364 fucrit
2011 2291 2390 2376 iudicatuS,
2429 2291 2654 2364 donec
2709 2311 2996 2362 omnem

848 2406 1004 2480 eius
1060 2419 1485 2501 potestatem
1541 2433 1872 2504 expresse
1939 2432 2076 2483 non
2133 2413 2464 2483 admittat
2518 2419 2592 2482 et
2655 2429 2996 2483 reverea-

852 2538 1003 2616 tur,
1072 2529 1157 2602 ab
1214 2534 1621 2626 usurpando
1679 2531 2028 2607 catholico
2087 2534 2367 2607 nomine
2433 2553 2708 2606 cessare
2763 2531 2996 2604 omni-

850 2666 943 2724 no
996 2649 1270 2725 debeat.

958 2764 1081 2845 10.
1138 2768 1287 2849 Hoc
1350 2796 1523 2851 vcro
1602 2798 1761 2853 cum
1824 2780 2114 2853 minime
2177 2782 2380 2854 iuvet
2441 2770 2992 2850 Neoschismati-

848 2910 969 2967 cos
1000 2940 1023 2978 ,
1080 2892 1351 2971 idcirco
1402 2903 1881 2975 recentiorum
1936 2898 2454 2974 haereticorum
2509 2896 2810 2993 vestigia
2863 2920 2989 2971 se-

849 3024 1123 3088 ctantes
1178 3037 1266 3091 eo
1320 3018 1844 3113 confugerunt,
1905 3033 1986 3096 ut
2043 3021 2374 3096 iniustam
2427 3020 2641 3095 fuisse
2696 3021 2990 3115 praedi-

848 3146 1122 3224 carent,
1180 3136 1480 3239 ideoquc
1535 3143 1806 3217 nullius
1845 3144 2119 3218 roboris
2175 3166 2260 3216 ac
2312 3143 2642 3216 momenti
2700 3153 2988 3216 sentcn-

846 3256 1021 3330 tiam
1076 3256 1471 3335 schismatis
1523 3273 1595 3336 et
1651 3264 2386 3340 excommunicationis
2435 3264 2510 3337 in
2550 3284 2670 3337 eos
2725 3258 2984 3339 Nostro

845 3378 1130 3455 nomine
1210 3383 1423 3455 latam
1506 3406 1545 3457 a
1630 3380 1809 3459 Ven.
1904 3380 2024 3458 Fr.
2104 3380 2654 3480 Archiepiscopo
2737 3380 2988 3479 Thya-

850 3520 1054 3590 niteo,
1110 3497 1513 3596 Apostolico
1568 3500 1911 3600 Delegato
1978 3508 2054 3580 in
2108 3509 2282 3580 urbe
2337 3502 2986 3600 Constantinopoli-

850 3630 1065 3697 tanat
1123 3624 1236 3697 cui
1292 3628 1735 3721 acquiescere
1789 3626 1908 3705 vel
1960 3650 2040 3701 ea
2105 3628 2192 3702 de
2259 3652 2472 3703 causa
2525 3650 2602 3703 se
2657 3650 2798 3701 non
2853 3651 2985 3722 po·-

848 3744 1068 3818 tuisse
1122 3744 1485 3836 dixerunt,
1537 3770 1625 3822 ne
1680 3748 1918 3823 fideles
1973 3752 2292 3844 ipsorum
2343 3752 2732 3827 ministerio
2787 3752 2984 3827 frau-

847 3864 994 3937 dati
1050 3868 1143 3941 ad
1195 3867 1587 3945 haereticos
1662 3874 2206 3963 transfugerent.
2265 3866 2462 3948 Nova
2515 3886 2752 3948 autem
2805 3874 2982 3949 haec

849 3995 1019 4060 sunt
1070 3998 1145 4061 et
1194 3992 1557 4065 veteribus
1610 3986 1969 4067 Ecclesiae
2004 3990 2338 4070 Patribus
2393 3997 2633 4091 ignota
2685 4016 2982 4091 prorsus

911 4278 919 4285 '
1008 4270 1091 4361 (1)
1132 4274 1371 4345 Libell.
1400 4274 1886 4366 IoannisEpisc.
1912 4280 2618 4371 constantinopolitani
2637 4290 2980 4365 adS.Hor-

855 4374 1150 4441 mistiam.
1172 4410 1255 4424 —
1275 4374 1521 4447 Concil.
1567 4378 1840 4445 Oecum.
1887 4378 2067 4447 vlu,
2111 4382 2369 4449 Action.
2413 4382 2473 4451 1.
