3292 5275
2329 443 2434 526 53

324 595 557 655 vestro
584 581 621 670 3'
650 602 779 654 nec
836 580 1239 651 dubitamus
1279 577 1515 670 plures
1551 580 1770 651 etiam
1807 582 1870 652 ei
1909 571 2234 657 certatim
2273 606 2439 681 sup—

324 705 553 796 petias
606 723 759 775 esse
814 705 1099 774 laturos.
1139 697 1331 787 Quos
1388 701 1575 770 inter
1628 700 1960 773 eminebit
2012 717 2198 776 certe
2253 701 2440 780 Mas-

324 819 631 896 silieu'sis
686 819 933 896 Clerus
962 843 987 909 3
1042 841 1204 894 nam
1260 821 1317 891 si
1384 820 1772 920 unicuique
1835 825 2198 899 mandavit
2249 822 2438 902 Deus

326 945 409 1016 de
462 947 777 1038 proximo
832 941 1101 1028 suo,‘et
1140 939 1414 1014 honesti
1470 939 1838 1015 cuiuslibet
1873 946 2054 1020 civis
2093 955 2198 1017 est
2236 969 2436 1022 verae

324 1066 613 1140 utilitati
667 1067 933 1157 patriae
986 1064 1317 1149 studere3
1369 1061 1441 1132 id
1496 1062 1948 1154 potissimum
2000 1062 2208 1140 Clero
2263 1089 2442 1142 con-

324 1185 547 1274 venit,
582 1185 781 1259 cuius
834 1194 944 1256 est
984 1184 1388 1276 praelucere
1444 1183 1696 1254 ceteris
1733 1187 2056 1278 exemplo
2093 1188 2438 1263 bonorum

322 1309 637 1382 omnium
691 1327 1009 1398 operum,
1065 1303 1183 1376 cui*
1232 1304 1420 1378 salus
1475 1305 1710 1398 populi
1765 1309 2209 1398 procuranda
2255 1331 2442 1384 com-

320 1429 644 1512 mittitur,
684 1439 756 1499 et
790 1427 911 1518 qui
948 1426 1038 1497 ab
1074 1426 1229 1516 ipsa
1264 1425 1798 1496 consecratione
1835 1447 1966 1498 sua
2004 1429 2076 1498 in
2135 1433 2439 1525 presby-

326 1559 589 1620 tei-atus
629 1549 937 1619 officium
977 1543 1221 1616 didicit
1248 1565 1583 1640 praeesse
1619 1564 1698 1615 se
1736 1544 2021 1634 debere,
2049 1559 2122 1620 et
2148 1548 2462 1646 praedi-.
2518 1629 2524 1636 ,

323 1689 515 1743 care.
550 1665 626 1738 ld
664 1689 835 1740 vero
872 1666 1287 1739 nominatim
1326 1687 1369 1738 a
1396 1660 1822 1738 Massiliensi
1849 1659 2053 1741 Clero
2091 1691 2176 1741 eo
2213 1670 2440 1746 fiden-

325 1788 461 1861 tius
518 1798 987 1883 expectamuS,
1040 1808 1177 1880 quo
1232 1786 1517 1857 maioris
1571 1789 1909 1860 momenti
1967 1797 2070 1860 cst
2126 1813 2326 1884 opuS,
2365 1805 2440 1866 et

322 1933 461 2004 quo
516 1910 1051 2002 exploratiorem
1104 1907 1443 1978 habemus
1498 1909 1654 1980 eius
1707 1908 1966 1994 zelum,
1999 1911 2333 2003 pietatem
2365 1925 2437 1986 et

322 2029 727 2104 firmitatem
782 2030 1118 2102 adversus
1174 2029 1615 2102 occurrentia
1673 2029 2057 2102 obstacula.
2103 2027 2438 2106 Ceterum

322 2153 381 2224 si
436 2153 522 2224 de
579 2153 707 2224 hoc
762 2149 1097 2244 peculiari
1154 2151 1511 2242 proposito
1566 2161 1806 2222 vestro
1846 2152 2064 2224 fusius
2101 2153 2438 2226 disserui-

322 2296 477 2347 mus
509 2320 531 2359 ,
588 2296 727 2346 non
784 2272 1041 2345 idcirco
1094 2269 1323 2342 minus
1376 2269 1996 2343 commendandam
2073 2295 2438 2349 censemus

322 2415 641 2488 operam,
693 2413 899 2486 quam
956 2391 1360 2485 impendere
1416 2390 1834 2462 decrevistis·
1883 2393 2036 2464 sive
2091 2396 2442 2487 repellen-

323 2516 431 2587 dis
490 2513 938 2605 gliscentibus
992 2513 1349 2585 erroribus
1390 2512 2012 2605 impudentiaeque
2048 2517 2460 2590 retundam·

320 2635 451 2709 dae
507 2635 909 2728 procacium
969 2645 1325 2727 typorum,
1356 2631 1504 2705 sive
1540 2631 1856 2706 iuvandis
1895 2635 2284 2710 catholicae
2323 2660 2440 2711 ca-

322 2756 551 2830 ritatis
607 2754 1199 2839 institutionibus,
1230 2755 1385 2830 sive
1424 2756 1905 2827 sustentandis
1955 2755 2282 2849 inopibus
2319 2782 2464 2833 ec«

320 2878 556 2949 clesiis
587 2924 609 2963 ,
669 2879 821 2950 sive
875 2877 1158 2949 demum
1213 2876 1662 2968 protegendis
1715 2875 2172 2971 fovendisque
2227 2880 2440 2972 genev-

321 2998 525 3071 ratim
581 2999 717 3092 piis
772 2998 1121 3091 operibus.
1180 2992 1359 3067 Nam
1416 2998 1475 3066 si
1532 3019 1658 3089 per
1733 2997 2076 3090 pueritiae
2139 3012 2212 3073 et
2266 3002 2441 3075 ado-

320 3120 708 3191 lescentiae
766 3096 1031 3190 rectam
1097 3129 1639 3211 accuratamque
1716 3117 2231 3193 institutionem
2305 3124 2439 3217 ipsi

324 3242 674 3313 malorum
730 3240 947 3312 radici
1003 3240 1309 3314 securim
1349 3240 1770 3325 admovetiS,
1807 3250 1880 3311 et
1917 3262 2180 3315 novam
2215 3245 2440 3317 veluti

323 3384 407 3435 ac
464 3362 801 3455 integram
856 3361 1265 3433 societatem
1321 3360 1660 3451 fingentes
1697 3372 2058 3454 corruptae
2097 3362 2440 3437 sufficien-

320 3483 514 3567 dam,
575 3485 810 3554 futuro
868 3480 1157 3573 tempori
1213 3482 1579 3555 consulitis
1608 3502 1633 3568 3
1701 3503 1824 3575 per
1897 3495 2129 3556 cetera
2205 3486 2438 3560 studia

319 3617 558 3678 vestra
615 3602 923 3696 profecto
980 3602 1367 3696 praesentis
1422 3603 1776 3674 societatis
1832 3604 2009 3675 mala
2065 3606 2440 3679 submove-

322 3748 429 3814 re,
478 3728 751 3809 sistere,
812 3725 1061 3809 leni-re,
1130 3746 1378 3796 sanare
1452 3724 1905 3795 contenditis,
1965 3720 2436 3812 Quamobrem

322 3866 463 3917 non
519 3848 723 3919 modo
779 3845 1157 3939 probamus
1196 3846 1481 3917 omnino
1520 3856 1590 3915 et
1628 3866 2046 3938 magnopere
2087 3868 2438 3919 commen-

320 3968 568 4039 damus
623 3968 916 4038 consilia
972 3976 1251 4057 vestra3
1292 3966 1415 4035 sed
1460 3966 1922 4039 vehementer
1977 3968 2184 4039 etiam
2239 3968 2438 4059 cupi-

318 4107 506 4172 muS,
536 4108 615 4158 ea
652 4088 859 4158 citius
898 4087 980 4157 ad
1020 4084 1340 4157 effectum
1397 4087 1726 4177 perduci,
1769 4086 2192 4180 crebrosque
2249 4108 2436 4160 nau-

319 4208 491 4281 cisci
548 4206 1079 4299 adstipulatores
1111 4253 1133 4292 ,
1194 4217 1269 4276 ut
1324 4206 1714 4280 coniunctis
1768 4207 2219 4300 plurimorum
2277 4207 2436 4300 opi-

314 4328 472 4415 bus,
531 4329 913 4414 industria,
972 4326 1673 4403 viribusexundanti
1711 4328 2099 4421 impietatis
2142 4332 2434 4403 torrenti
