3292 5275
970 468 1128 551 4014

1048 600 1333 686 Septimo
1384 604 1524 667 idus
1588 600 1984 667 Decembris.
2041 601 2300 679 Quibus
2361 602 2668 665 iudicium
2737 620 2922 683 super

1050 698 1379 763 identitate
1424 696 1786 778 Corporum
1849 695 1914 760 S.
1963 696 2284 761 Ambrosii
2345 694 2648 777 Episcopi
2695 702 2759 759 et
2807 693 2922 757 Ec-

1048 792 1285 855 clesiae
1328 788 1627 854 Doctoris
1675 807 1752 853 ac
1797 789 2162 872 Martyrum
2217 786 2512 854 Gervasii
2553 796 2622 853 et
2663 787 2922 852 Protasii

1048 888 1130 949 ab
1170 882 1672 965 Archiepiscopo
1715 882 2184 949 Mediolanensi
2236 883 2568 963 prolatum
2595 881 2919 945 confirma·
2949 969 3052 1037 27⁴

1051 988 1157 1045 [ur
1228 1023 1243 1039 .
1412 1021 1429 1037 .
1598 1022 1613 1039 .
1786 1022 1802 1038 .
1970 1023 1988 1039 .
2157 1022 2172 1037 .
2341 1022 2358 1037 .
2527 1020 2544 1037 .
2714 1018 2728 1035 .
2885 996 2918 1033 ιο

968 1166 1251 1234 Litterae
1312 1164 1728 1246 Apostolicae
1791 1166 1858 1229 in
1909 1164 2114 1227 forma
2183 1162 2410 1227 Brevis
2447 1197 2529 1211 --
2571 1162 2749 1227 Inter
2805 1171 2882 1225 tot
2901 1206 2923 1236 ‚

1048 1259 1275 1343 quibus
1314 1256 1703 1341 afflictemur
1734 1301 1758 1332 ,
1797 1258 1967 1321 mala
2007 1290 2088 1305 -·-
2129 1256 2232 1319 die
2269 1254 2350 1320 19.
2393 1256 2772 1321 decembris.
2823 1254 2928 1319 so-

1040 1352 1343 1417 lemniter
1414 1350 1834 1416 confirmatur
1889 1358 2112 1415 votum
2167 1368 2208 1413 a
2262 1346 2571 1413 Romanis
2631 1351 2922 1414 emissum

1050 1448 1361 1528 templum
1408 1463 1527 1511 seu
1574 1460 1824 1509 sacram
1867 1444 2088 1508 aedem
2121 1440 2320 1506 ssffio
2349 1439 2543 1505 Cordi
2585 1440 2732 1507 lesu
2781 1450 2926 1505 tunc

1045 1542 1351 1620 temporis
1398 1538 1708 1619 erigendi,
1759 1555 1908 1601 cum
1957 1536 2402 1618 praesentibus
2443 1535 2681 1601 iactata
2725 1533 2928 1599 flucti-

1041 1636 1163 1699 bus
1215 1632 1545 1697 Ecclesiae
1594 1633 1778 1695 navis
1825 1631 2250 1711 conquiescat
2347 1678 2362 1695 .
2533 1675 2550 1691 .
2718 1674 2735 1690 .
2899 1650 2932 1686 ι
2963 1623 3061 1691 284

967 1819 1259 1905 Epistola
1302 1820 1624 1902 encyclica
1661 1817 1956 1884 Andreae
2009 1816 2256 1899 ignatio
2286 1818 2792 1899 Archiepiscopo
2823 1813 2930 1880 Ul-

1045 1916 1407 1980 traiectensi
1456 1914 1730 1995 eiusque
1757 1911 2222 1992 Suffraganeis,
2252 1921 2321 1977 et
2353 1912 2606 1977 dilectis
2651 1910 2802 1973 filiis
2831 1928 2934 1973 ca-

1045 2009 1302 2073 tholicis
1332 2006 1650 2069 universis
1693 2008 1755 2068 in
1791 2004 2140 2069 Bollandia
2175 2005 2722 2069 commorantibus
2751 2036 2832 2049 -
2853 2000 2932 2067 In

1042 2100 1290 2183 maqnis
1326 2132 1407 2149 —-
1444 2100 1547 2165 die
1588 2098 1667 2163 27
1707 2100 2084 2162 decembris.
2133 2098 2398 2163 Nullam
2443 2108 2508 2161 et
2549 2099 2931 2179 sacrilegam

1044 2195 1335 2259 declarat
1354 2194 1736 2257 electionem
1761 2199 1826 2256 et
1855 2193 2400 2257 consecrationem
2425 2190 2724 2273 Casparis
2749 2190 2934 2255 loan-

1048 2290 1143 2353 nis
1174 2286 1403 2349 Rinkel
1438 2288 1499 2347 in
1530 2283 2014 2349 Harlemensem
2065 2287 2736 2367 pseudo-episcopum.
2770 2284 2932 2349 Tum

1046 2384 1299 2464 ipsum,
1344 2388 1477 2443 tum
1524 2377 1966 2443 Hermannum
2013 2378 2348 2460 Heycamp
2409 2380 2936 2461 pseudo-episco-

1045 2494 1197 2556 pum
1241 2472 1770 2536 Daventriensem
1814 2482 2328 2536 consecratorem
2371 2474 2510 2537 eius
2553 2490 2933 2537 excommu-

1044 2572 1217 2633 nicat
1256 2574 1321 2629 et
1368 2565 1890 2645 anathematizat,
1925 2575 2060 2630 tum
2113 2586 2224 2631 eos
2278 2586 2524 2646 omnes,
2573 2570 2682 2649 qui
2737 2586 2930 2649 prae-

1044 2663 1157 2728 fati
1198 2660 1497 2741 Casparis
1562 2660 1868 2725 electioni
1933 2669 2048 2726 aut
2087 2661 2556 2726 consecrationi
2614 2679 2888 2742 operam
2915 2707 2934 2739 ,

1044 2755 1411 2832 consilium,
1438 2771 1827 2818 consensum
1869 2757 2278 2835 praestitere,
2313 2755 2701 2835 eosdemque
2747 2775 2939 2836 prae-

1044 2853 1199 2932 cipit
1239 2852 1321 2913 ab
1354 2847 1690 2912 Ecclesiae
1733 2850 2182 2914 communione
2223 2858 2596 2930 segregatos
2635 2856 2704 2912 et
2747 2868 2936 2932 pror-

1044 2965 1155 3012 sus
1194 2944 1633 3009 schismaticos
1675 2942 1998 3008 habendos
2025 2989 2044 3022 ‚
2089 2949 2156 3008 et
2193 2963 2232 3007 a
2274 2943 2626 3009 Catholicis
2669 2946 2938 3010 univer·

1046 3041 1132 3106 sis
1174 3057 1313 3104 esse
1358 3035 1652 3102 vitandos
1775 3083 1792 3102 .
1959 3081 1976 3100 .
2145 3081 2161 3098 .
2335 3081 2350 3098 .
2521 3085 2538 3101 .
2709 3083 2730 3100 .
2907 3059 2939 3098 s
2975 3033 3074 3102 287

1735 3461 2326 3538 Mucchxxlv.

964 3787 1247 3860 Litterae
1290 3792 1706 3874 Apostolicae
1769 3793 1834 3856 in
1901 3793 2104 3856 forma
2179 3790 2403 3855 Brevis
2445 3823 2526 3838 --
2577 3786 2766 3866 Quod
2821 3789 2950 3858 Ca-

1042 3888 1259 3952 tholici
1296 3885 1570 3950 nonanis
1610 3887 1838 3950 boumn
1875 3917 1960 3931 -—
1997 3887 2100 3950 die
2139 3882 2222 3950 (ὅ)
2261 3887 2558 3948 ianuarii.
2607 3884 2742 3949 Iam
2791 3889 2946 3951 inde

1044 3987 1127 4048 ab
1166 4001 1337 4048 anno
1378 3980 1792 4046 MDCCGLll
1835 3983 2142 4045 territorii
2209 3988 2450 4045 tractus
2507 3985 2588 4046 ab
2635 3981 2946 4048 Dioecesi

1050 4077 1525 4158 Montereyensi
1568 4082 1764 4155 atque
1805 4075 2206 4155 Angelorum
2251 4074 2642 4139 Californiae
2691 4079 2952 4144 abscis-

1042 4189 1185 4236 sum
1220 4213 1239 4247 ,
1280 4169 1698 4248 eiusdemque
1763 4175 2038 4233 tractus.
2068 4171 2355 4249 regimen
2418 4167 2944 4252 Archiepiscopo

1044 4263 1389 4328 Mexicano
1430 4263 1838 4324 commissum
1883 4263 2096 4326 fuerat
2159 4279 2498 4342 quousque
2539 4263 2738 4324 aliter
2785 4281 2947 4344 pro-

1046 4357 1392 4430 videretur.
1438 4354 1629 4420 Nunc
1673 4355 1837 4420 idem
1881 4357 2192 4422 territorii
2239 4363 2481 4422 tractus
2523 4357 2588 4420 in
2636 4353 2942 4428 Vinaria-
