3292 5275
812 457 966 538 392

1639 629 2098 752 APPENDIX

966 892 1025 942 ΙΝ
1082 891 1206 948 QVA
1261 889 1702 941 courluflmvn
1763 891 1909 940 Tam
1969 889 2132 940 AGTA
2188 888 2290 940 ΔΝ.
2327 889 2754 940 ΙΙΒΕΕΩΒΧῊΙΙ.

809 1060 1159 1126 Decretum
1200 1061 1641 1124 consistoriale
1669 1095 1698 1108 -
1729 1061 2069 1142 Apostolici
2109 1060 2457 1128 Minister-ii
2483 1095 2515 1108 —
2541 1061 2644 1124 die
2683 1058 2763 1127 14

889 1155 1193 1220 februarii
1219 1150 1377 1220 1868
1404 1156 1591 1219 cuius
1622 1156 1682 1218 vi
1714 1153 2116 1236 Episcopalis
2147 1155 2340 1220 Sedes
2369 1155 2758 1236 Antioquiae

887 1252 951 1314 in
972 1250 1305 1330 republica
1325 1239 1832 1328 Neogranatensi
1852 1252 2298 1332 supprimitur,
2319 1266 2527 1331 eaque
2552 1258 2758 1313 trans-

887 1343 1095 1407 fertur
1134 1351 1199 1406 et
1238 1343 1508 1423 erigitur
1548 1343 1611 1404 in
1656 1343 1788 1406 alio
1829 1345 2032 1407 civico
2073 1344 2308 1425 oppido
2336 1341 2756 1408 Meddelensi.

889 1435 1129 1500 Iccirco
1168 1436 1481 1500 nonnulla
1521 1435 1779 1499 decreta
1822 1436 1944 1498 hoc
1987 1436 2064 1500 de
2115 1436 2438 1518 pontificio
2489 1439 2760 1500 consilio

888 1531 1293 1607 emittuntur,
1322 1546 1488 1610 quae
1520 1527 2060 1611 Archiepiscopus
2103 1526 2167 1593 S.
2201 1529 2380 1594 Fidei
2409 1530 2488 1594 de
2517 1528 2764 1610 Bogota

888 1623 1299 1706 Apostolicae
1342 1621 1519 1686 Sedis
1560 1625 1945 1687 auctoritate
1985 1624 2364 1707 exequenda
2405 1631 2608 1688 curet.
2723 1646 2756 1684 n
2795 1622 2917 1690 359

808 1810 1087 1877 Litterae
1132 1810 1545 1892 Apostolicae
1586 1812 1708 1874 sub
1747 1809 2010 1876 Annulo
2053 1810 2396 1876 piscatoris
2429 1846 2458 1858 -
2483 1809 2622 1876 Iam
2661 1811 2763 1876 in-

886 1907 957 1967 de
980 1939 1006 1951 -
1036 1905 1159 1968 dici
1188 1903 1228 1969 3
1270 1906 1481 1967 martii
1520 1899 1698 1968 1868.
1742 1903 2174 1968 Constituitur
2209 1902 2760 1985 Constantinopoli

886 1997 1259 2079 Apostolica
1308 1995 1670 2078 Delegatio‚
1699 1998 1890 2078 idque
1935 2016 2168 2062 munus
2197 1995 2460 2061 Vicario
2488 1998 2766 2078 Aposto-

886 2092 1013 2155 lico
1057 2090 1762 2172 Constantinopolitano
1805 2109 1922 2172 pro
1969 2099 2255 2171 tempore
2307 2093 2608 2156 existenti
2652 2093 2768 2155 tri-

890 2185 1133 2248 buitur.
1250 2230 1263 2246 .
1435 2230 1448 2243 .
1620 2229 1634 2244 .
1810 2231 1824 2245 .
1995 2231 2010 2246 .
2179 2231 2194 2247 .
2365 2230 2380 2247 .
2549 2233 2563 2247 .
2731 2207 2765 2245 ³)
2804 2183 2926 2250 365

808 2371 1157 2438 Decretum
1188 2370 1644 2438 Consistoriale
1663 2409 1696 2420 -
1719 2372 2002 2439 Pastoris
2029 2371 2269 2436 aeterni
2287 2407 2318 2419 -
2339 2373 2464 2435 diei
2490 2369 2572 2438 30
2599 2375 2771 2455 apri-

886 2469 967 2530 lis
991 2463 1173 2544 1868,
1194 2483 1327 2548 quo
1354 2466 1432 2530 ad
1463 2484 1684 2549 preces
1707 2465 2122 2532 Celsitudinis
2151 2463 2607 2531 Serenissimae
2635 2467 2758 2532 Ca-

866 2561 1011 2624 'roli
1056 2557 1145 2622 111
1190 2557 1485 2624 Monoeci
1530 2559 1841 2643 Principis
1887 2560 2250 2624 huiusmodi
2290 2559 2696 2643 Principatus
2725 2581 2764 2624 a

888 2655 1226 2721 Provincia
1289 2656 1721 2719 ecclesiastica
1765 2654 2078 2736 Aquensi,
2121 2664 2186 2718 et
2227 2673 2264 2717 a
2307 2652 2603 2721 Dioeccsi
2651 2654 2764 2721 Ni-

886 2750 1081 2814 ciensi
1145 2749 1579 2825 abscinditur,
1625 2750 1920 2830 idemque
1983 2750 2256 2828 erigitur
2318 2750 2381 2811 in
2425 2749 2762 2813 Abbatiam

889 2841 1144 2909 Nullius
1183 2861 1331 2905 cum
1374 2844 1700 2907 territorio
1741 2849 2040 2922 separato
2081 2850 2148 2905 et
2187 2842 2546 2907 immediate
2591 2840 2768 2925 Apo-

885 2939 1051 3003 licae
1114 2934 1256 3001 Sedi
1296 2937 1647 3000 subiectam
1691 2954 1810 3018 pro
1865 2934 2198 2999 Monachis
2257 2934 2512 3001 Ordinis
2551 2934 2616 3001 S.
2647 2934 2769 3000 Be·

883 3033 1115 3099 nedicti
1148 3030 1670 3113 Congregationis
1697 3029 2083 3095 Cassinensis
2125 3030 2491 3111 primaevae
2535 3032 2754 3094 obser-

889 3128 1167 3191 vantiae.
1192 3124 1377 3201 Quae
1404 3124 1617 3188 omnia
1638 3132 1714 3187 ut
1739 3126 1860 3187 rite
1883 3122 2298 3205 perficiantur
2317 3124 2635 3187 nonnulla
2655 3124 2733 3188 de
2745 3158 2792 3191 η

890 3228 1065 3285 creta
1106 3220 1349 3283 sancita
1392 3226 1542 3282 sunt
1582 3216 1662 3281 ad
1708 3218 2214 3299 uniuscuiusque
2245 3218 2390 3281 iura
2423 3218 2658 3281 tuenda
2699 3229 2765 3282 et

887 3316 1265 3397 praesertim
1294 3313 1373 3375 ad
1401 3314 1982 3377 ecclesiasticarum
2017 3330 2237 3378 rerum
2279 3312 2566 3375 ordinem
2611 3314 2767 3376 inibi

887 3410 1305 3486 servandum,
1352 3408 1662 3487 deputato
1733 3405 1926 3471 Petro
1991 3404 2326 3473 Cesaretto
2387 3408 2767 3488 praedictae

888 3502 1417 3585 Congregationis
1482 3499 1731 3567 Abbate
1793 3501 2080 3585 generali
2143 3504 2210 3565 in
2276 3498 2760 3582 Exequutorem

890 3598 1341 3684 Apostolicum
1382 3616 1529 3665 cum
1574 3600 1752 3663 omni
1794 3604 2131 3682 potestate.
2180 3643 2195 3658 .
2367 3643 2380 3659 .
2549 3642 2565 3659 .
2731 3618 2766 3659 κ
2803 3592 2928 3663 369
