3292 5275
866 471 1029 553 212

864 610 1265 689 Romanum
1344 632 1824 687 successorem
1905 632 2062 685 esse
2123 614 2310 687 beati
2365 610 2561 687 Petri
2647 616 2986 708 principis

863 730 1385 827 Apostolorum,
1441 747 1515 808 et
1568 756 1808 806 verum
1863 730 2124 806 Christi
2179 729 2573 813 vicarium,
2629 738 2986 831 totiusque

864 850 1228 928 Ecclesiae
1282 866 1530 949 caput,
1588 868 1664 928 et
1717 856 2028 929 omniun]
2085 852 2644 931 Christianorum
2711 866 2990 949 patrem

866 996 945 1047 ao
998 976 1354 1049 doctorem
1390 979 1704 1049 existere
1733 998 1758 1063 ;
1811 989 1886 1051 et
1921 976 2055 1071 ipsi
2093 976 2168 1049 in
2203 978 2414 1051 heato
2440 971 2655 1050 Petro
2693 994 2992 1071 pascen-

862 1096 963 1186 di,
1016 1096 1303 1187 regendi
1358 1120 1439 1170 ac
1496 1100 1928 1189 gubernandi
1983 1100 2468 1174 universalem
2507 1094 2902 1172 Ecclesiam
2939 1120 2986 1173 a

861 1212 1159 1291 Domino
1214 1228 1456 1292 nostro
1490 1214 1652 1293 lesu
1691 1214 1976 1293 Christo
2030 1219 2302 1311 plenam
2357 1228 2786 1313 potestatem
2841 1229 2990 1291 tra-

859 1337 1079 1411 ditam
1134 1360 1336 1427 esse3
1388 1340 1964 1432 quemadmodum
2017 1339 2232 1412 ctiam
2269 1341 2342 1412 in
2379 1338 2594 1434 gestis
2651 1356 2951 1415 oecume

860 1461 1181 1533 nieorum
1233 1456 1712 1536 Conciliorum
1763 1471 1838 1531 et
1892 1462 1966 1533 in
2023 1460 2246 1535 sacris
2315 1458 2702 1537 canonibus
2757 1461 2988 1535 conti-

864 1592 1093 1655 netur.

1073 1697 1425 1779 Docemus
1456 1703 1754 1796 proinde
1792 1714 1864 1775 et
1901 1703 2375 1787 declaramuS‚
2405 1698 2800 1777 Ecclesiam
2835 1697 2988 1774 Ro-

866 1840 1149 1898 manam
1214 1826 1635 1920 disponente
1717 1821 2019 1897 Domino
2073 1846 2282 1917 super
2335 1840 2573 1899 omnes
2636 1826 2809 1899 alias
2863 1846 2988 1897 or-

858 1945 1163 2019 dinariae
1243 1948 1614 2039 potestatis
1695 1946 2014 2019 obtinere
2097 1945 2606 2039 principatum,
2663 1956 2736 2016 et
2799 1946 2986 2019 hanc

859 2064 1163 2141 Romani
1222 2063 1585 2141 Pontificis
1677 2064 2186 2139 iurisdictionis
2258 2076 2680 2158 potestatem
2723 2106 2745 2151 ‚
2803 2088 2986 2161 quae

858 2208 1031 2261 vere
1086 2185 1502 2281 episcopalis
1556 2197 1693 2270 est,
1752 2186 2224 2259 immediatam
2277 2203 2484 2261 esse:
2541 2204 2707 2279 erga
2765 2210 2988 2282 quam

860 2307 1355 2402 cuiuscumque
1412 2308 1591 2379 ritus
1646 2316 1722 2379 et
1778 2304 2136 2397 dignitatis
2192 2319 2510 2401 pastores
2564 2318 2772 2402 atque
2811 2308 2986 2383 fide-

856 2426 959 2501 les
986 2477 1011 2510 ,
1066 2440 1213 2502 tam
1251 2450 1565 2502 seorsum
1623 2428 1882 2518 singuli
1938 2450 2145 2521 quam
2202 2427 2404 2502 simul
2461 2448 2702 2501 omnes
2751 2432 2984 2504 officio

856 2550 1335 2624 hierarchicae
1418 2548 2059 2635 subordinationls,
2123 2569 2474 2644 veraeque
2537 2550 2984 2625 obedientiae

858 2673 1424 2764 obstringuntur,
1482 2691 1626 2744 non
1683 2673 1909 2744 solum
1966 2673 2040 2744 in
2100 2672 2335 2756 rehuS,
2390 2694 2570 2766 quae
2625 2673 2715 2744 ad
2771 2672 2984 2745 fidem

856 2806 930 2867 et
982 2813 1243 2878 mores,
1308 2793 1431 2866 sed
1469 2793 1683 2864 ctiam
1737 2794 1814 2864 in
1867 2791 1980 2876 iis,
2037 2814 2218 2886 quae
2273 2794 2360 2864 ad
2413 2794 2870 2885 disciplinam
2905 2805 2984 2866 et

860 2911 1165 3004 regimen
1222 2905 1583 2984 Ecclesiae
1638 2933 1766 3004 per
1823 2922 2048 2984 totum
2102 2912 2344 2985 orbem
2405 2911 2696 2986 diffusae
2753 2916 2986 3008 perti-

857 3045 1085 3122 nent;
1138 3034 1235 3105 ita
1293 3045 1373 3107 ut.
1426 3032 1778 3106 custodita
1834 3053 1999 3108 cum
2052 3029 2372 3106 Romano
2436 3028 2772 3108 Pontifice
2837 3049 2984 3109 tam

861 3156 1405 3240 communionis,
1459 3177 1670 3249 quam
1724 3154 2036 3229 eiusdem
2091 3155 2253 3228 fidei
2311 3156 2762 3247 professionis
2819 3159 2986 3250 uni-„—

858 3288 1031 3362 tate,
1090 3273 1409 3350 Ecclesia
1464 3271 1730 3350 Christi
1785 3279 1882 3349 sit
1935 3297 2116 3348 unus
2171 3297 2335 3368 grex
2389 3280 2522 3351 sub
2587 3296 2732 3353 uno
2787 3301 2984 3354 sum-

854 3420 971 3472 mo
1026 3409 1331 3493 pastore.
1388 3393 1583 3470 Haec
1637 3409 1743 3470 est
1797 3399 2188 3472 catholicae
2242 3397 2565 3470 veritatis
2629 3400 2980 3488 doctrina,

857 3542 900 3592 a
954 3542 1097 3614 qua
1152 3520 1441 3594 deviare
1496 3519 1694 3593 salva
1753 3518 1888 3592 fide
1945 3530 2158 3612 atquc
2211 3519 2440 3591 salute
2475 3540 2683 3592 nemo
2721 3534 2980 3614 potest.

1071 3639 1383 3716 Tantum
1419 3653 1653 3715 autem
1691 3642 1916 3727 abest,
1957 3652 2036 3713 ut
2081 3641 2257 3714 haec
2311 3635 2578 3714 Summi
2618 3639 2984 3718 pontificis

858 3774 1171 3858 potestas
1253 3764 1513 3838 officiat.
1576 3762 1970 3836 ordinariae
2027 3783 2108 3834 ac
2160 3762 2608 3836 immediatae
2673 3762 2767 3834 illi
2819 3764 2986 3858 epi-

859 3884 1157 3980 scopalis
1240 3883 1747 3960 iurisdictionis
1799 3883 2155 3978 potestati,
2241 3907 2384 3978 qua
2438 3881 2796 3979 Episcopi,
2850 3887 2980 3980 qui

858 4004 1069 4098 positi
1124 4027 1165 4077 a
1218 3999 1479 4097 Spiritu
1526 3997 1794 4077 Sancto
1848 4007 1924 4077 in
1981 4001 2481 4098 Apostolorum
2535 4008 2758 4104 locum
2813 4031 2986 4084 suc·
3047 3993 3058 4004 ⁹

858 4136 1245 4212 cesserunt,
1327 4137 1688 4219 tamquam
1767 4127 1921 4198 veri
2013 4137 2322 4220 pastores
2385 4130 2780 4217 assignatos
2845 4131 2982 4203 sibi

858 4267 1129 4344 gregeS,
1185 4246 1442 4340 singuli
1497 4243 1854 4338 singulos,
1910 4259 2207 4341 pascunt
2260 4258 2334 4322 et
2387 4259 2670 4342 regunt,
2725 4260 2804 4322 ut
2855 4273 2984 4324 ea-

860 4370 1013 4448 dem
1070 4391 1110 4446 a
1164 4389 1484 4470 supremo
1537 4379 1610 4443 et
1661 4366 2052 4444 universali
2089 4363 2381 4445 Pastore
2439 4383 2818 4460 asseratur,
2865 4389 2981 4448 ro·
