3292 5275
2282 494 2433 579 175

315 632 624 710 merario
671 654 888 726 ausu‚=
927 644 1000 707 et
1054 654 1096 707 a
1151 633 1350 709 civili
1407 644 1757 726 potestate
1816 645 2199 727 protectas,
2240 634 2439 709 adhi-

319 754 484 825 bitis
539 754 754 825 etiam
809 754 1152 827 militibus
1190 802 1211 838 ,
1269 766 1340 825 et
1395 752 1737 844 expoliato
1792 755 2107 845 legitimo
2159 752 2437 830 Vicario

319 856 760 953 Capitulari,
817 860 1493 967 administrationem
1571 874 1638 932 et
1716 860 2029 965 regimen
2082 858 2437 935 Dioecesis

322 977 395 1051 S.
459 977 686 1052 lacobi
743 982 830 1051 de
885 974 1086 1053 Cuba
1144 962 1451 1064 invasit,
1509 990 1715 1073 atque
1779 985 2209 1075 usurpavit.
2270 986 2439 1057 item

321 1096 393 1171 S.
451 1096 714 1192 Congr.
773 1102 1098 1173 eumdem
1153 1096 1486 1174 Llorente
1551 1112 1695 1171 tam
1750 1096 2188 1175 Canonicatu
2217 1151 2242 1188 ‚
2297 1125 2439 1197 quo

319 1221 670 1311 gaudebat
723 1222 796 1293 in
847 1220 1168 1295 Ecclesia
1223 1219 1767 1314 Metropolitana
1829 1215 2183 1318 Cubensi,
2222 1244 2439 1321 quam

322 1341 460 1415 alio
513 1345 828 1436 quolibet
883 1343 1222 1415 beneficio
1277 1344 1751 1416 ecclesiastico
1826 1337 2254 1436 expoliatum
2291 1391 2312 1429 ‚
2368 1354 2441 1415 et

321 1464 610 1557 insuper
667 1465 1039 1569 inhabilem
1101 1464 1191 1567 ad
1250 1463 1378 1536 alia
1433 1462 2314 1568 quaecamqueglpeneficia
2366 1465 2440 1535 in

321 1584 637 1660 futurum
693 1586 1074 1659 obtinenda
1132 1584 1438 1657 declarat
1492 1596 1701 1680 atque
1755 1586 2093 1657 decernit.

538 1703 626 1778 11.
685 1704 764 1779 ln
821 1708 1112 1781 easdem·
1153 1726 1486 1781 censuras
1533 1718 1606 1779 et
1652 1704 2442 1779 excommunicationem

321 1828 693 1912 maiorem,
735 1839 806 1901 et
843 1848 1102 1919 poenas
1141 1827 1646 1899 ecclesiasticas
1689 1827 2007 1897 incidisse
2052 1826 2259 1899 etiam
2294 1838 2442 1899 tam

323 1949 760 2041 praedictum
811 1944 1342 2020 Emmanuelem
1412 1942 1633 2021 Miura
1690 1942 2043 2019 Decanum
2104 1942 2442 2041 Capituli,

323 2090 534 2162 quam
571 2070 752 2141 alios
789 2071 982 2141 viros
1045 2068 1554 2142 ecclesiasticos
1609 2080 1681 2141 et
1717 2069 1955 2155 laicoS,
1991 2068 2104 2162 qui
2160 2072 2444 2141 fuerunt

323 2202 672 2269 auctores,
729 2193 842 2262 vel
899 2190 1252 2262 auxilium
1306 2190 1560 2283 quovis
1613 2190 1820 2261 modo
1876 2190 2181 2261 activum
2236 2210 2444 2281 prae-

323 2310 628 2382 buerunt
683 2312 769 2383 ad
828 2312 1372 2404 perpetrandam
1429 2311 1871 2384 invasionem
1928 2322 2000 2383 et
2046 2313 2445 2403 usurpatio·-

323 2451 484 2503 nem
538 2431 938 2522 praefatam.

537 2548 656 2629 111.
714 2548 891 2623 Item
957 2562 1158 2624 actus
1215 2572 1454 2623 omnes
1509 2550 2105 2624 iurisdicticnales
2144 2562 2297 2644 post
2334 2552 2441 2624 in-

324 2675 688 2747 vasionem
717 2685 790 2745 et
821 2674 1352 2764 usurpationem
1389 2673 1821 2764 praedictam
1856 2674 2225 2758 exercitoS‚
2256 2695 2449 2767 pror-

333 2817 454 2868 sus
511 2795 738 2869 nullos
801 2799 875 2867 et
931 2793 1168 2865 irritos
1223 2795 1459 2864 eadem
1515 2791 1588 2874 S.
1628 2789 1711 2865 C.
1771 2795 2125 2878 declarat,
2183 2817 2261 2866 ac
2322 2817 2445 2886 pro

322 2915 544 2988 irritis
609 2915 702 2988 ab
773 2914 1098 2988 omnibus
1175 2913 1421 2987 haberi
1498 2915 1836 2987 decernit.
1892 2911 2221 2988 Attamen
2297 2927 2446 2986 acta

323 3037 558 3112 omnia
613 3057 736 3128 per
793 3036 1020 3128 ipsum
1089 3037 1483 3108 invasorem
1540 3048 1760 3127 gesta,
1794 3057 2111 3129 quaeque
2150 3037 2285 3108 alio
2322 3057 2449 3108 ca-

325 3159 582 3232 nonico
619 3155 827 3243 vitio,
859 3167 1155 3249 praeter
1193 3157 1548 3247 legitimae
1605 3157 2047 3230 auctoritatis
2104 3154 2446 3229 deiectum

323 3299 464 3352 non
519 3279 865 3350 laborant.
909 3273 980 3349 S.
1013 3272 1277 3368 Congr.
1311 3297 1397 3347 ex
1449 3277 1881 3369 indulgentia
1918 3297 2079 3366 erga
2116 3296 2260 3348 non
2298 3277 2452 3347 cul-

321 3398 600 3492 pabiles
645 3417 886 3468 sanare
943 3395 1009 3468 in
1065 3397 1302 3470 radice
1349 3396 1673 3481 intendit,
1716 3407 1930 3489 atque
1984 3415 2109 3490 per
2163 3396 2293 3468 hoc
2326 3397 2452 3468 de-

313 3531 585 3592 cretum
639 3526 862 3590 sanat.

537 3635 664 3711 lV.
731 3635 1045 3712 Tandem
1127 3638 1646 3731 praelaudatum
1712 3635 1863 3710 Sac.
1930 3633 2019 3710 D.
2075 3635 2449 3730 Iosephum

321 3757 588 3834 Orbera
625 3759 1012 3851 legitimum
1047 3754 1404 3832 Viearium
1463 3756 1944 3850 Capitularem
1982 3754 2055 3829 S.
2096 3753 2323 3830 Iacchi
2360 3759 2449 3832 de

321 3878 522 3956 Cuba
571 3881 813 3974 iniquo
867 3881 1078 3953 modo
1135 3893 1208 3954 et
1263 3881 1532 3952 malitia
1595 3881 1957 3953 hominum
2014 3901 2055 3951 a
2114 3900 2240 3951 suo
2294 3899 2452 3950 mu-

317 4023 492 4078 nere
545 4003 912 4095 expulsum
973 4013 1046 4074 et
1081 4003 1531 4096 expoliatum,
1573 3997 1649 4073 S.
1681 3997 1937 4092 Congr.
1979 4001 2053 4072 in
2101 3999 2449 4090 integrum

323 4121 651 4208 restituit,
688 4131 759 4195 et
819 4123 906 4193 ab
968 4123 1294 4196 omnibus
1351 4134 1697 4216 tamquam
1752 4115 2107 4194 Vicarium
2159 4115 2453 4214 Capitu-

319 4247 534 4318 larem
585 4243 828 4318 haberi
895 4245 1210 4318 decernit
1263 4265 1422 4318 cum
1459 4243 1783 4317 omnibus
1820 4241 2089 4316 iuribus
2129 4252 2201 4315 et
2236 4244 2453 4316 facul-
