3292 5275
875 477 1035 645 '2'92
1233 616 1797 713 LITTERAE
1861 619 2641 717 APOSTOLICAE

1568 1973 1819 2070 PIVS
1884 1973 2051 2070 ΡΡ.
2127 1973 2281 2070 ΙΧ.

1421 2361 1501 2407 ΑΙ)
1559 2359 1855 2410 ΡΥΤἺΒΜΙ
1915 2357 2018 2409 RE!
2074 2358 2433 2410 unumst.

859 2708 1150 2915 ‘Quod
1195 2788 1549 2867 Catholici
1605 2793 1909 2865 nominis
1964 2792 2225 2865 bonum
2283 2791 2643 2884 postulare
2700 2792 3003 2865 videba-

852 2916 1010 3001 'tur‚
1066 2927 1146 2990 ut
1201 2915 1281 2985 ab
1341 2910 1660 2985 Dioecesi
1719 2908 2243 3004 Montereyensi
2306 2924 2509 3005 atque
2561 2908 3003 3002 Angelorum

871 3032 1294 3109 Californiae
1351 3044 1617 3106 tractus
1675 3032 2200 3105 abscinderetur
2232 3082 2253 3117 ,
2308 3055 2445 3126 quo
2500 3032 2993 3125 spiritualibus

868 3156 1180 3228 fidelium
1219 3153 1749 3227 necessitatibus
1786 3154 2007 3225 satius
2050 3156 2653 3247 opportuniusque
2710 3156 3007 3227 consul-

870 3288 1024 3351 tum
1079 3276 1258 3347 foret
1292 3323 1310 3358 ,
1367 3274 1439 3345 id
1495 3276 1634 3345 iam
1692 3274 1857 3345 inde
1933 3275 2024 3348 ab
2102 3297 2283 3349 anno
2338 3270 2787 3347 MDCCCLII
2840 3298 3005 3347 eum

867 3392 1168 3469 Domino
1222 3396 1762 3486 praestitimus;
1818 3404 2029 3488 atque
2084 3394 2276 3467 illius
2336 3402 2603 3467 tractus
2678 3398 3007 3486 regimen

869 3512 1414 3608 Archiepiscopo
1467 3510 1837 3587 Mexicano
1918 3536 2289 3608 quousque
2366 3514 2571 3586 aliter
2634 3536 2763 3609 per
2816 3516 3009 3589 hanc

867 3630 1198 3709 Sanctam
1251 3630 1501 3708 Sedem
1558 3635 2051 3727 provideretur
2108 3636 2610 3707 commisimus.
2657 3630 2751 3706 At
2804 3638 3003 3707 enim

871 3778 1032 3829 cum
1087 3778 1273 3832 nune
1330 3756 1514 3827 idem
1555 3752 1901 3828 Catholici
1960 3755 2253 3829 nominis
2310 3755 2573 3828 bonum
2627 3760 3005 3849 efflagitet,

871 3888 951 3950 ut
1007 3878 1124 3949 ille
1180 3887 1446 3949 tractus
1503 3875 1570 3947 in
1624 3871 2057 3947 Vicat-iatum
2116 3870 2595 3968 Apostolicum
2650 3878 3007 3968 erigatur,

869 3998 1154 4092 proprio
1205 3990 1520 4067 Praesuli
1575 3996 2115 4069 eoncedendum
2150 4044 2171 4079 ,
2228 3990 2369 4067 Nos
2424 3994 2511 4066 ad
2572 3996 3017 4071 huiusmmdi

867 4118 1217 4207 negotium
1273 4118 1582 4188 animum
1637 4117 2114 4203 intendimus;
2172 4116 2634 4209 omnibusque
2690 4118 2791 4187 rei
2850 4140 3023 4191 mo-

871 4238 1128 4309 mentis
1183 4236 1430 4309 sedulc
1486 4239 1853 4329 perpensis
1916 4236 2005 4307 ad
2062 4248 2515 4309 memoratam
2571 4238 2735 4307 novi
2802 4238 3027 4311 istius

866 4351 1262 4430 vicariatus
1315 4358 1743 4431 erectionem
1812 4357 2337 4431 deveniendum
2400 4359 3025 4432 existimavimus-
