3292 5275
810 472 968 589 2³18
1024 573 1038 585 .

1595 642 2142 741 EPISTOLA

1000 934 1081 983 An
1141 933 1573 983 VBM-:mmmm
1630 934 1926 985 munem
1983 935 2286 984 lost-:ruva
2345 936 2743 987 turrourvu

1349 1069 1876 1121 Ancuffimscopvu
1935 1068 2377 1121 'runem-:nsum

1522 1597 1775 1693 PIVS
1837 1600 2001 1694 PP.
2079 1600 2230 1695 lx.

864 1941 1013 1992 VEN.
1078 1940 1323 1993 ranna
1380 1938 1666 1991 SALVTE!
1723 1940 1802 1991 Er
1857 1940 2280 1993 Aposroucan
2337 1942 2870 1995 eenamcnoufiu.

808 2230 1137 2397 Gravis
1195 2332 1267 2393 et
1320 2324 1573 2395 acerba
1650 2320 1958 2395 conditio
2013 2323 2086 2393 in
2152 2344 2367 2415 quam
2422 2318 2564 2395 Nos
2619 2334 2692 2395 et
2745 2322 2929 2395 hanc

807 2435 1287 2534 Apostolicam
1323 2438 1579 2515 Sedem
1614 2443 1874 2515 malitia
1928 2443 2299 2516 hominum
2336 2441 2666 2526 coniecit,
2708 2464 2934 2537 quae-

804 2581 942 2655 que
1000 2562 1068 2633 in
1126 2560 1275 2635 dies
1330 2562 1564 2636 durior
1636 2565 1966 2647 efficitur,
2026 2583 2167 2635 non
2225 2574 2461 2634 tamen
2527 2563 2796 2656 patitur
2851 2575 2931 2634 ut

806 2681 1123 2756 oblivisci
1181 2686 1535 2776 possimus
1590 2687 1778 2759 mala
1835 2695 1906 2756 et
1942 2684 2404 2764 calamitates,
2461 2685 2719 2778 quihus
2787 2687 2932 2757 mi-

806 2822 962 2872 sere
1015 2799 1247 2876 Gallia
1300 2804 1699 2880 divexatur.
1759 2801 2106 2877 Memores
2163 2805 2378 2878 immo
2435 2817 2539 2876 tot
2577 2805 2934 2898 aniplissi-

804 2945 1073 2996 marum
1112 2925 1700 3020 significationum
1755 2924 1980 2997 filialis
2020 2923 2308 2997 affectus
2347 2947 2428 2998 ac
2468 2925 2717 3010 studii,
2759 2948 2932 3019 quas

800 3065 1077 3138 semper
1130 3047 1315 3119 etin
1370 3045 1640 3138 magnis
1696 3029 2282 3121 tribulationibus
2337 3043 2614 3119 Nostris
2662 3047 2748 3118 ab
2801 3049 2934 3119 hac

804 3185 1143 3256 generosa
1180 3163 1479 3241 Natione
1521 3168 1947 3260 accepimus,
1987 3167 2234 3242 enixas
2273 3164 2726 3262 assiduasque
2769 3189 2936 3260 pre-

800 3307 921 3358 ces
978 3288 1063 3359 ad
1102 3283 1335 3362 Deum
1388 3288 2040 3360 misericordiarum
2091 3299 2512 3359 convertere
2569 3309 2932 3380 nunquam

801 3408 1200 3492 omisimuS,
1228 3420 1307 3479 ut
1336 3405 1550 3481 Nobis
1581 3408 1818 3501 aliquo
1849 3408 2056 3480 modo
2087 3407 2498 3498 dignaretur
2525 3407 2930 3491 ostendere,

800 3549 943 3620 quo
998 3528 1179 3618 grati
1237 3529 1455 3599 animi
1513 3523 1747 3602 Nostri
1825 3527 2053 3600 officio
2107 3523 2281 3602 Eius
2338 3529 2410 3598 in
2467 3523 2607 3602 Nos
2665 3529 2931 3602 meritis

800 3647 1107 3742 aliquam
1160 3649 1401 3720 vicem
1456 3647 1898 3741 impendere,
1968 3649 2267 3742 eiusque
2325 3649 2680 3723 aerumnis
2737 3650 2933 3722 sola-

800 3767 979 3842 tium
1032 3767 1362 3840 adhibere
1420 3789 1816 3861 possemus.
1860 3765 1942 3840 In
1997 3769 2126 3840 hac
2183 3767 2601 3862 cogitatione
2659 3789 2738 3839 ac
2779 3771 2931 3840 sol-

797 3885 1182 3962 licitatione
1216 3935 1238 3974 ,
1296 3910 1438 3984 qua
1492 3889 1772 3961 animus
1835 3883 2087 3964 Noster
2163 3888 2611 3963 vehementer
2686 3908 2938 3961 move-

798 4009 1011 4083 batur
1039 4058 1061 4095 ,
1142 4009 1217 4083 in
1282 4029 1439 4082 eam
1502 4010 2037 4103 persuasionem
2109 4009 2471 4082 confestim
2537 4007 2870 4082 venimus
2907 4057 2928 4094 ‚

802 4133 1079 4204 nullum
1130 4129 1710 4224 opportuniorem
1763 4151 1846 4200 ac
1903 4130 2269 4202 meliorem
2348 4128 2636 4202 modum
2688 4139 2930 4220 gratae

798 4237 1190 4324 voluntatis
1228 4251 1303 4320 in
1340 4251 1553 4323 istam
1589 4248 2004 4323 catholicam
2041 4247 2411 4324 Nationem
2451 4250 2938 4325 demonstran·

798 4371 929 4442 dae
983 4365 1199 4443 Nobis
1254 4371 1445 4455 fore,
1502 4392 1718 4465 quam
1776 4371 1835 4442 si
1894 4391 2055 4441 eam
2109 4371 2192 4442 ad
2251 4372 2443 4464 pacis
2505 4369 2804 4443 consilia
2857 4381 2929 4442 et
