3292 5275
887 511 994 590 56

886 652 1051 723 tatis
1081 698 1102 734 ,
1161 672 1204 723 a
1259 646 1396 723 fine
1451 661 1666 745 atque
1714 654 1991 737 causis,
2042 656 2137 727 ob
2186 672 2365 747 quas
2414 652 2780 745 impositae
2848 654 3005 727 fue-

885 779 1096 853 rant,
1151 769 1268 843 vel
1319 790 1362 843 a
1418 770 1719 864 pristina
1780 772 2089 845 utilitate
2119 822 2142 860 ,
2200 782 2411 865 atque
2476 773 3005 865 opportunitate

885 890 1282 977 excidisse;
1337 911 1634 987 eamque
1698 890 1789 965 ob
1852 912 2005 968 rem
2082 912 2225 971 non
2296 893 2781 985 infrequentes
2834 892 3003 963 oriri

887 1011 1038 1082 sive
1089 1010 1162 1082 in
1217 1011 1347 1095 iis,
1401 1010 1661 1103 quibus
1725 1011 2111 1084 animarum
2178 1032 2347 1084 cura
2414 1012 2789 1084 commissa
2843 1022 2947 1082 est
2978 1058 3001 1096 ,

887 1132 1045 1205 sive
1101 1130 1172 1201 in
1225 1130 1395 1223 ipsis
1451 1129 1769 1204 fidelihus
1836 1131 2259 1219 dubietateS,
2317 1132 2730 1215 anxietates,
2786 1152 3007 1222 ango-

887 1272 1140 1348 resque
1192 1251 1713 1339 conscientiae3
1762 1246 1905 1325 Nos
1968 1252 2311 1325 eiusmodi
2374 1252 2827 1325 incommodis
2882 1272 3009 1324 oc-

887 1392 1174 1447 currere
1229 1372 1577 1457 volentes,
1617 1372 1897 1467 plenam
1934 1372 2334 1448 carumdem
2372 1372 2845 1446 recensionem
2883 1372 3011 1449 fie-

892 1495 1002 1579 ri,
1056 1488 1410 1587 Nobisque
1466 1492 1757 1585 proponi
1812 1493 2185 1578 iussimus,
2244 1502 2357 1575 ut,
2420 1490 2737 1586 diligenti
2802 1493 3011 1567 adhi-

889 1593 1038 1687 hit'a
1091 1612 1649 1687 consideratione
1676 1658 1699 1696 ,
1756 1622 2266 1697 statueremus,
2324 1632 2671 1708 quasnam
2722 1632 2816 1687 ex
2870 1612 3011 1687 illis

891 1754 1177 1809 servare
1234 1754 1314 1807 ac
1367 1733 1674 1807 retinere
1730 1745 2111 1826 oporteret,
2167 1754 2341 1829 quas
2396 1753 2571 1805 vero
2624 1731 3006 1821 moderari,

893 1867 1017 1927 aut
1069 1853 1413 1946 abrogare
1465 1862 1911 1948 congrueret.
1968 1845 2073 1925 Ea
2128 1854 2347 1944 igitur
2395 1854 2805 1925 recensione
2860 1875 3015 1947 per·

891 1986 1079 2060 acta,
1135 1996 1217 2047 ac
1271 1970 1809 2047 venerabilibus
1880 1968 2253 2046 Fratribus
2306 1968 2587 2047 Nostris
2642 1968 2716 2044 S.
2775 1969 2861 2046 R.
2920 1970 3006 2047 E.

891 2090 1387 2168 Cardinalibus
1451 2092 1521 2165 in
1585 2094 1890 2184 negotiis
1944 2086 2150 2166 Fidei
2200 2084 2666 2167 Generalibus
2719 2091 3017 2190 inquisi-

811 2196 828 2213 ’
891 2213 1166 2287 toribus
1239 2235 1364 2306 per
1445 2215 1853 2287 universam
1930 2208 2403 2286 Christianam
2484 2208 3011 2308 Rempuhlicam

893 2333 1249 2429 deputatis
1303 2334 1376 2406 in
1429 2332 1803 2409 consilium
1870 2332 2156 2405 adscitis
2188 2382 2211 2420 ,
2266 2352 2491 2428 reque
2544 2333 2669 2408 diu
2725 2353 2810 2407 ac
2862 2356 3019 2409 ma-

895 2466 1056 2530 ture
1111 2474 1473 2548 perpensa,
1527 2464 1725 2527 motu
1778 2453 2091 2548 proprio,
2149 2464 2345 2527 certa
2400 2454 2725 2535 scientia,
2777 2467 3019 2531 matu-

896 2596 970 2650 ra
1022 2572 1515 2649 deliberatione
1569 2568 1855 2656 Nostra,
1920 2573 2151 2668 deque
2206 2568 2655 2670 Apostolicae
2717 2570 3015 2649 Nostrae

895 2697 1260 2792 potestatis
1314 2693 1751 2790 plenitudine
1806 2697 1941 2768 hac
1998 2707 2335 2788 perpetuo
2390 2695 2700 2769 valitura
2734 2689 3021 2772 Consti-

899 2819 1176 2893 tutione
1225 2816 1677 2890 decernimus
1702 2864 1723 2900 ,
1784 2825 1865 2889 ut
1929 2832 2013 2887 ex
2088 2815 2651 2910 quibuscumque
2702 2819 3025 2890 censuris

897 2938 1054 3012 sive
1107 2934 1890 3020 excommunicationi&
1932 2937 2079 3010 sive
2136 2933 2644 3030 suspensionis,
2703 2933 2857 3008 sive
2910 2939 3017 3011 in-

899 3055 1210 3143 terdicti,
1267 3075 1450 3152 quae
1505 3076 1634 3152 per
1685 3053 1965 3129 modum
2019 3055 2203 3129 latae
2258 3057 2672 3144 sententiae,
2720 3057 3019 3151 ipsoque

898 3181 1087 3251 racto
1141 3173 1607 3251 incurrendae
1665 3179 2007 3250 haetenus
2060 3175 2424 3268 impositae
2476 3187 2671 3261 sunt,
2732 3175 3021 3250 nonnisi

900 3295 1096 3387 illae,
1146 3317 1322 3392 quas
1377 3295 1450 3369 in
1503 3297 1637 3369 hae
1696 3295 1849 3390 ipsa
1884 3291 2409 3370 Constitutione
2464 3297 2863 3383 inserimus,
2900 3317 3023 3370 eo-

899 3433 1044 3514 que
1093 3415 1349 3503 modo,
1405 3435 1546 3511 qno
1601 3413 2021 3502 inserimus,
2078 3415 2297 3490 robur
2347 3415 2609 3489 exinde
2660 3415 3023 3508 habeant3

899 3535 1105 3613 simul
1167 3535 1604 3610 declarantes
1627 3585 1651 3622 ,
1707 3535 1995 3610 easdem
2062 3555 2209 3609 non
2270 3535 2480 3610 modo
2540 3555 2629 3609 ex
2694 3547 3025 3611 veterum

899 3671 1252 3734 canonum
1304 3659 1745 3744 auctoritate,
1782 3669 2125 3752 quatenus
2164 3675 2323 3729 cum
2370 3657 2505 3728 hae
2539 3649 2795 3730 Nostra
2830 3652 3027 3730 Con-

903 3773 1270 3853 stitutione
1305 3775 1769 3861 conveninnt,
1829 3797 2070 3848 verum
2126 3775 2343 3848 etism
2376 3795 2461 3848 ex
2488 3775 2623 3848 hae
2656 3775 2803 3870 ipsa
2832 3772 3027 3849 Cou-

897 3895 1274 3972 stitutione
1327 3891 1578 3972 Nostra
1603 3943 1625 3982 ,
1684 3913 1824 3970 non
1889 3915 2092 3969 secus
2159 3913 2241 3968 ac
2309 3893 2367 3967 si
2430 3896 2733 3988 primum
2782 3893 3027 3970 editae

905 4015 996 4092 ab
1049 4037 1134 4092 ea
1189 4017 1451 4095 fuerint
1479 4069 1502 4107 ,
1559 4015 1707 4092 vim
1761 4035 1961 4092 suam
2013 4025 2303 4110 prorsus
2366 4017 2683 4109 accipere
2732 4015 3019 4090 debere.
