3292 5275
868 454 1027 541 246

868 618 1124 690 magno
1164 592 1371 671 Urbis
1426 619 1706 674 annuus
1757 596 2280 691 disciplinarum
2323 618 2568 674 cursus
2624 600 2979 674 instaure-

868 729 985 793 tur
1014 766 1035 803 ‚
1110 730 1325 813 atque
1378 720 1495 794 ille
1550 700 1748 793 locus
1801 721 1926 813 qui
1986 720 2286 793 maxima
2343 717 2510 793 lieet
2567 721 2710 795 fere
2785 718 2976 794 mille

868 860 953 913 ae
1025 840 1483 913 ducentorum
1538 840 1879 914 iuvenum
1936 839 2330 933 frequentia
2394 840 2812 921 celebratus,
2855 839 2982 913 ba·-

867 970 1115 1035 ctenus
1170 959 1692 1053 tranquillitatis
1744 982 1820 1034 ac
1875 960 2142 1033 ordinis
2209 961 2532 1053 exemplo
2599 960 2760 1045 tuit,
2817 962 2982 1035 uni-

866 1102 1163 1175 cumque
1220 1080 1615 1174 perfugium
1655 1092 1758 1153 tot
1803 1079 2194 1154 christianis
2233 1080 2702 1174 honestisque
2729 1094 2982 1174 paren-

868 1201 1079 1287 tibus,
1114 1223 1257 1295 quo
1302 1200 1477 1274 filins
1514 1220 1684 1277 suos
1739 1200 2163 1276 erudiendos
2219 1200 2482 1295 absque
2546 1200 2978 1276 hauriendae

864 1322 1329 1415 corruptionis
1369 1323 1682 1415 periculo
1721 1323 2110 1407 mitterent,
2168 1322 2288 1396 ille
2339 1324 2630 1417 quidem
2683 1322 2833 1395 sive
2885 1325 2978 1397 ob

864 1444 1079 1515 falsas
1124 1432 1609 1538 ‘erroneasque
1644 1462 1825 1537 quae
1865 1445 2230 1517 tradentur
2267 1442 2646 1529 doctrinas,
2701 1443 2850 1517 sive
2887 1444 2980 1517 ob

864 1584 1109 1639 eorum
1164 1563 1523 1657 ingenium
1582 1563 1704 1659 qui
1761 1564 1848 1637 ad
1913 1586 2033 1637 eas
2087 1564 2458 1639 tradendas
2503 1563 2870 1657 eligentur,
2907 1566 2978 1636 in

865 1706 1023 1759 eam
1066 1686 1539 1761 conditionem
1594 1686 2059 1779 prolapsurus
2115 1706 2276 1761 esse
2319 1684 2755 1776 intelligitur,
2793 1706 2980 1780 quae

864 1827 909 1879 a
962 1808 1183 1881 veteri
1240 1808 1441 1897 longe
1502 1806 1958 1899 discrepabit.
2017 1796 2506 1898 Significatum
2579 1828 2786 1900 porro
2843 1808 2983 1881 fuit

868 1928 1189 2019 vigentes
1227 1928 1294 2000 in
1332 1925 1501 1999 urbe
1536 1927 1750 2019 leges,
1783 1948 1904 2001 eas
1942 1928 2156 2021 ipsas,
2187 1936 2528 2021 occupata
2558 1926 2760 2012 urbe,
2787 1928 2982 2000 inte-

867 2068 1025 2141 gras
1066 2050 1577 2142 inviolatasque
1632 2062 2158 2141 permansuras,
2197 2060 2272 2120 et
2327 2058 2564 2123 tamen
2615 2046 2807 2121 hisce
2855 2046 2984 2123 de-

865 2166 1364 2245 clarationibus
1400 2167 1641 2253 irritis,
1682 2168 2028 2243 tabularia
2065 2169 2214 2261 ipsa
2248 2164 2742 2243 Paroeciarum
2789 2166 2982 2241 urbis

866 2312 989 2385 per
1026 2288 1165 2361 vim
1202 2290 1651 2366 excutiuntur
1685 2302 1760 2363 et
1797 2290 2249 2384 indagantur,
2289 2310 2424 2363 nee
2469 2288 2837 2361 obscurum
2873 2298 2982 2361 est

868 2411 939 2483 id
988 2410 1141 2482 fieri
1198 2411 1289 2485 ad
1339 2410 1489 2483 illas
1553 2412 1993 2502 cognitiones
2051 2409 2412 2503 petendae,
2467 2422 2646 2503 q'uae
2721 2408 2982 2483 tabulis

868 2534 1169 2607 fortasse
1203 2530 1619 2605 militarium
1644 2532 2246 2623 conscriptionum
2283 2528 2728 2605 conficiendis
2759 2531 2986 2603 inser-

870 2653 1093 2738 viant,
1144 2662 1357 2747 atque
1396 2651 1547 2726 aliis
1585 2651 1870 2736 tinibus,
1906 2653 2030 2746 qui
2068 2651 2272 2727 facile
2321 2649 2610 2744 perspici
2667 2663 2984 2744 possunt.

868 2769 1077 2850 Hisce
1141 2773 1415 2848 accedit
1466 2773 1654 2868 quod
1707 2773 2216 2847 insectationes
2271 2781 2344 2848 ct
2399 2772 2698 2846 iniuriae
2755 2772 2838 2842 ab
2873 2771 2988 2842 ul-

870 2895 1087 2971 tionis
1122 2895 1508 2988 cupiditate
1568 2903 1641 2968 et
1699 2895 1996 2987 partium
2053 2894 2290 2968 studio
2347 2893 2700 2986 profectae
2761 2891 2987 2986 impu·

872 3013 1063 3088 uitae
1101 3015 1617 3108 relinquantur,
1681 3013 2067 3108 eademque
2123 3013 2490 3107 impunitas
2539 3026 2822 3086 servata
2877 3023 2986 3086 est

868 3136 1102 3231 quoad
1140 3135 1380 3210 foedas
1438 3146 1513 3208 et
1559 3135 1882 3226 indignes
1921 3134 2404 3219 contumelias,
2443 3133 2696 3228 quibus
2741 3131 2986 3208 fideles

867 3251 1273 3330 Nostrorum
1344 3256 1652 3334 militum
1727 3257 2046 3330 cohortes
2111 3256 2196 3330 de
2259 3255 2592 3330 societate
2663 3275 2746 3326 ae
2812 3255 2989 3328 reli-

870 3379 1072 3470 'gione
1108 3377 1371 3470 optime
1404 3378 1729 3460 meritae,
1768 3375 2082 3452 honestis
2121 3376 2292 3450 viris
2346 3375 2794 3461 dolentibus,
2831 3375 2988 3448 fue-

870 3511 1039 3574 runt
1102 3499 1424 3572 affectae.
1490 3492 1990 3571 Ordinationes
2057 3496 2334 3571 demum
2389 3507 2465 3570 et
2515 3496 2796 3570 decreta
2853 3517 2988 3568 nu·-

870 3639 999 3714 per
1051 3619 1243 3693 edita
1278 3617 1525 3712 quoad.
1564 3613 1958 3691 Ecclesiae.
1994 3617 2204 3700 bona,
2243 3638 2383 3710 quo
2421 3625 2742 3710 spectent
2779 3637 2990 3690 usur-

870 3751 1197 3833 patorum
1234 3737 1557 3822 consilia,
1598 3739 1740 3810 iam
1777 3739 1950 3812 satis
2003 3749 2244 3830 aperte
2288 3737 2764 3813 declararunt.
2805 3733 2992 3810 Iam-

872 3879 1043 3936 νει-ο
1098 3870 1343 3934 contra
1396 3859 1567 3932 hacc
1646 3856 1875 3932 omnia
1931 3879 2110 3952 quae
2188 3859 2328 3935 iam
2403 3867 2595 3948 gesta
2655 3867 2849 3942 sunt,
2905 3879 2988 3930 ac

872 3999 954 4056 ea
1008 3980 1221 4060 etiam
1274 3997 1455 4073 quae
1510 3977 1870 4055 deteriora
1925 3977 2290 4053 imminent
2354 3995 2683 4070 suprema
2735 3971 2992 4050 Nostra

872 4100 1285 4175 auctoritate
1322 4099 1704 4192 protestari
1745 4097 2214 4182 intendimus,
2253 4097 2840 4193 quemadmodum
2873 4097 2992 4170 hi-

873 4243 990 4298 sce
1044 4216 1313 4296 Nos-tris
1360 4219 1625 4293 litteris
1683 4218 2205 4311 inpraesentia
2255 4229 2750 4313 protestamur,
2787 4219 2991 4312 queis

874 4338 1065 4428 Tibi,
1096 4341 1351 4417 dilecte
1388 4335 1524 4413 Fili
1563 4333 1838 4423 Noster,
1861 4359 1962 4423 ‚ac
2021 4341 2430 4434 singillatim
2475 4339 2858 4435 unicuique
2903 4362 2992 4414 cx
