3292 5275
1225 1099 1730 1246 ιΝΒΕΧ

1198 2109 1723 2181 Muccchxlx.

406 2399 692 2469 Litterae
735 2399 1153 2482 Apostolicae
1181 2399 1303 2463 sub
1344 2399 1587 2464 annulo
1629 2395 1978 2462 Piscatoris
2001 2429 2032 2444 -
2069 2393 2254 2471 Quod
2293 2391 2366 2457 in

482 2495 779 2560 maximis
804 2528 835 2542 -
860 2495 962 2559 die
1001 2492 1083 2562 26
1123 2495 1383 2573 martii3
1426 2493 1662 2574 quibus
1699 2491 1994 2555 concedit
2020 2487 2364 2570 indulgen-

480 2590 633 2653 tiam
664 2587 1029 2653 Plenariam
1058 2587 1161 2651 die
1182 2585 1277 2652 XI
1303 2587 1698 2667 insequentis
1725 2585 1954 2667 aprilis
1983 2581 2362 2647 lucrandam

480 2682 819 2747 occasione
862 2682 1076 2747 exacti
1103 2680 1617 2763 quinquagesimi
1646 2680 1795 2743 anni
1837 2678 1920 2742 ab
1945 2674 2028 2743 Se
2065 2681 2364 2759 suscepto

479 2775 963 2859 Presbyteratu.
1106 2820 1121 2835 .
1291 2821 1305 2836 .
1475 2820 1489 2835 .
1546 2828 1549 2831 .
1662 2818 1676 2835 .
1848 2818 1864 2835 .
2032 2819 2047 2835 .
2213 2786 2359 2853 pag.

400 2960 652 3028 Similes
691 2996 720 3010 -
754 2961 1052 3044 Supremi
1092 2962 1485 3044 Apostolatus
1516 2996 1547 3010 -
1596 2963 1698 3026 die
1735 2962 1820 3029 22
1857 2962 2092 3027 martii.
2137 2958 2364 3024 Pasto-

480 3058 691 3121 ralem
712 3074 897 3120 suam
929 3056 1429 3120 sollicitudinem
1450 3073 1606 3137 erga
1632 3054 1990 3121 Ecclesiam
2013 3054 2362 3121 Orientalis

480 3148 669 3216 Ritus
712 3150 1060 3213 adhibitam
1089 3150 1390 3229 ostendit,
1420 3158 1485 3213 et
1526 3152 1782 3213 vacanti
1811 3147 2362 3233 Archiepiscopali

478 3240 808 3307 Ecclesiae
845 3241 1195 3307 Amidenae
1237 3260 1355 3307 seu
1379 3240 1861 3307 Diarbekirensi
1885 3241 2360 3307 Chaldaeorum
2407 3284 2412 3291 -

474 3336 742 3401 Petrum
785 3336 981 3401 Attar
1017 3338 1463 3419 presbyterum
1508 3334 1888 3402 chaldaeum
1931 3336 2244 3418 praeficit.
2327 3356 2364 3395 n
2403 3380 2412 3387 .

396 3522 647 3589 Similes
684 3556 717 3571 -
744 3522 1043 3607 supremi
1082 3524 1487 3606 Apostolatus
1510 3558 1541 3571 -
1580 3524 1686 3589 die
1711 3522 1794 3591 22
1832 3526 2068 3590 martii.
2115 3520 2360 3587 Eodem

474 3635 551 3680 ac
580 3618 645 3681 in
675 3616 1207 3699 praecedentibus
1226 3614 1485 3682 Litteris
1512 3636 1672 3681 usus
1701 3619 1971 3683 exordio
1999 3620 2064 3682 in
2095 3614 2364 3699 Episco-

474 3728 629 3792 pum
673 3711 873 3793 elegit
912 3710 1199 3777 vacantis
1236 3708 1573 3776 Ecclesiae
1615 3710 1976 3776 Mardensis
2003 3708 2364 3776 Chaldaeo-

468 3822 617 3867 rum
656 3801 1035 3869 Gabrielem
1080 3801 1285 3867 Farso
1326 3804 1714 3869 chaldaeum
1756 3804 2176 3869 sacerdotem.
2330 3823 2366 3861 >2

388 3988 643 4081 Similes
662 4024 693 4037 -
716 3989 909 4058 Nemo
935 4000 1097 4055 certo
1128 3989 1387 4073 iquos-ac
1404 4024 1435 4039 ·
1456 3992 1559 4056 die
1586 3990 1663 4057 11
1693 3992 1918 4073 aprilis
1929 4011 1954 4073 3
1981 3992 2216 4074 quibus
2241 3992 2360 4055 im-

466 4084 749 4166 pertitur
790 4082 1208 4166 Indulgentia
1252 4083 1555 4148 Pleuaria
1581 4085 1646 4150 in
1689 4084 1897 4149 forma
1937 4082 2210 4151 lubilaei
2249 4101 2360 4149 oc-

464 4178 725 4241 casione
764 4176 1194 4243 oecumenici
1226 4176 1497 4243 Concilii
1540 4180 1666 4243 iam
1709 4180 1930 4245 indicti
1966 4180 2072 4245 die
2095 4176 2178 4245 29
2201 4178 2362 4243 iunii

463 4272 612 4336 anui
650 4268 811 4339 1868
851 4290 969 4355 per
1028 4270 1293 4337 Bullam
1338 4304 1370 4319 ·-
1409 4273 1672 4338 Aeterni
1733 4272 1954 4338 Patris
1993 4270 2360 4355 uniqenicus

2441 3796 2517 3867 11

465 4362 2516 4448 Fam-......,.»16
