3292 5275
18 3232 100 3254 '··--

2289 472 2448 559 345

326 609 525 683 adest
578 618 651 683 et
707 608 1052 697 contulit3
1108 610 1193 681 ad
1252 606 1481 702 Ipsum
1536 608 1789 685 deinde
1848 614 2254 698 clamemus,
2297 627 2449 688 tum

322 730 613 805 fervidis
668 730 1011 825 precibus,
1072 742 1221 803 tum
1308 744 1557 805 sancta
1640 733 1834 807 vitae
1917 734 2310 826 disciplina,
2372 746 2450 809 ut

322 844 463 923 Nos
506 858 579 921 ct
634 870 921 953 omnem·
970 850 1291 943 populum
1349 872 1547 923 suum
1603 850 1672 923 in
1729 853 1994 945 praelio
2053 855 2450 927 confortare

323 983 591 1064 pergat,
652 983 731 1043 ut
784 974 1165 1046 errantium
1222 984 1491 1045 mentes
1547 995 1673 1046 sua
1739 975 1900 1045 luce
1965 975 2324 1048 collustret
2377 986 2450 1047 et

324 1093 533 1167 corda
592 1092 849 1177 flectat,
908 1105 1125 1187 utque
1181 1093 1764 1186 quemadmodum
1831 1088 2260 1188 Redemptor
2312 1090 2452 1171 No-

326 1224 467 1290 ster
520 1232 662 1285 non
722 1214 788 1283 in
846 1234 972 1287 sua
1031 1214 1561 1305 omnipotentia,
1606 1215 1726 1287 scd
1785 1216 1857 1288 in
1918 1211 2170 1289 Nostra
2218 1214 2452 1290 humi·-

323 1334 525 1407 litate
579 1343 652 1409 et
704 1333 1107 1407 infirmitate
1163 1354 1573 1425 congressus
1627 1338 1882 1408 fortem
1943 1348 2286 1410 armatum
2343 1336 2452 1410 vi-

323 1459 453 1541 cit,
510 1456 609 1527 ita
664 1450 805 1529 Nos
865 1454 1247 1547 patientiae
1290 1466 1363 1529 et
1418 1456 1736 1529 iustitiae
1793 1454 2054 1541 yirtute
2110 1458 2450 1534 adversas

327 1587 715 1670 potestates
770 1575 1155 1657 vincamus.
1208 1571 1282 1647 Si
1341 1578 1433 1651 ita
1490 1578 2069 1665 clamaverimuS,
2127 1578 2450 1651 dubitare

324 1718 465 1771 non
522 1718 919 1789 possumu8‚
973 1698 1142 1790 quin
1201 1699 1521 1790 placatus
1582 1699 1784 1771 nobis
1821 1700 1994 1787 cito·
2014 1700 2088 1769 in
2145 1720 2272 1771 sua
2329 1700 2454 1773 be-

326 1816 667 1911 nignitate
722 1817 1163 1910 respondeat,
1216 1814 1412 1891 salus
1466 1830 1591 1891 tua
1646 1840 1772 1915 eqo
1827 1840 2010 1896 sum

537 1935 745 2015 Nunc
798 1950 878 2010 ut
934 1939 1321 2013 catholicae
1381 1936 1860 2013 Orientalium
1919 1902 2276 2015 Ecclesiae
2333 1960 2455 2015 ne-

326 2060 768 2136 cessitatibus
854 2060 1017 2133 novi
1090 2056 1429 2151 Syrorum
1512 2055 1960 2135 Patriarchae
2043 2056 2452 2156 Apostolica

326 2180 847 2256 confirmatione
886 2181 1355 2284 consulamus,
1398 2176 1611 2252 Vobis
1667 2192 1912 2255 notum
1953 2179 2277 2266 facimu3‚
2316 2176 2454 2255 Ve-

326 2302 677 2377 nerabiles
734 2298 1044 2385 FratreS,
1102 2303 1291 2409 quod
1346 2324 1382 2372 e
1440 2302 1629 2375 vivis
1689 2313 1932 2397 erepto
1987 2296 2160 2393 Ven.
2205 2298 2451 2377 Fratre

326 2420 597 2527 Ignatio
650 2419 988 2516 Philippo
1029 2398 1329 2507 Har-cus,
1388 2444 1603 2515 quem
1663 2424 1752 2498 ab
1805 2418 2182 2515 Episcopis
2242 2402 2452 2515 Syris

328 2546 415 2621 de
474 2564 665 2615 more
718 2544 1021 2615 electum
1077 2538 1215 2613 Nos
1271 2554 1437 2615 ante
1496 2556 1656 2615 octo
1697 2564 1919 2615 annos
1975 2539 2453 2623 patriarcham

328 2665 899 2750 confirmavimus
934 2649 1009 2738 et
1046 2663 1513 2754 instituimus,
1554 2660 1887 2757 Episcopi
1928 2659 2219 2758 Syriaci·
2246 2666 2452 2749 rituS,

326 2788 446 2860 alii
534 2807 657 2880 per
740 2807 845 2870 se,
914 2784 1027 2869 alii
1113 2803 1236 2878 per
1318 2799 1848 2877 procuratorem
1905 2785 1987 2856 ad
2073 2783 2454 2873 Ecclesiam

328 2887 403 2982 S'.
464 2901 723 2980 Mariae
780 2903 1266 2990 Lmen-atticis,
1307 2922 1500 3000 qnae·
1546 2906 1619 2978 in
1677 2903 1974 2996 Libano·
2005 2918 2148 2997 est„
2197 2909 2270 2978 in
2325 2904 2456 3000 Sy·-

328 3028 595 3102 nodum
670 3027 1205 3116 convenientes,
1261 3027 1376 3102 cui
1430 3028 1855 3101 auctoritate
1929 3012 2184 3118 Nostra
2253 3049 2458 3120 prae-

332 3151 465 3225 fuit
505 3146 681 3222 Ven.
726 3145 973 3222 Frater
1015 3141 1403 3240 Dionysius
1460 3146 1740 3222 Scelhot
1791 3143 2130 3241 Syrorum
2165 3144 2459 3238 Archic-

323 3274 663 3364 piscopus
718 3268 1160 3363 Aleppensis‚
1218 3269 1569 3342 consuetis
1624 3269 1950 3360 precibus
2011 3267 2450 3362 praemissis,

328 3411 575 3464 omnes
633 3413 775 3467 uno
832 3392 1065 3464 animo
1122 3412 1264 3486 per·
1302 3404 1575 3464 secreta
1634 3387 1958 3481 suffragia
2014 3389 2454 3480 praedictum

327 3510 509 3588 Ven.
594 3507 911 3586 Fratrem
992 3510 1406 3606 Dionysium
1491 3509 1777 3586 Scelhot
1833 3509 1905 3583 in
1975 3504 2454 3590 patriarcham

326 3633 837 3710 Antiochenam
894 3631 1226 3726 Syrorum
1308 3632 1700 3727 elegerunt,
1761 3654 1842 3704 ac
1927 3642 2072 3703 tum
2155 3630 2453 3714 electuS,

328 3767 485 3832 tum
540 3757 879 3828 electores
932 3754 1019 3828 de
1076 3757 1209 3828 hac
1266 3777 1339 3828 re
1396 3755 1481 3828 ad
1538 3749 1682 3830 Nos
1763 3753 2020 3826 litteris
2077 3753 2258 3825 datis
2316 3745 2456 3826 Nos

330 3877 745 3972 suppliciter
800 3878 1295 3961 obsecrarunt,
1353 3887 1435 3948 ut
1489 3876 1908 3949 auctoritate
1964 3869 2210 3947 Nostra
2267 3869 2457 3964 Apo·-

330 3997 573 4072 stoliea
634 3999 813 4071 hanc
869 3996 1283 4071 electionem
1352 3995 1792 4084 confirmare,
1849 3998 2292 4089 electumque
2345 4015 2460 4067 sa·-

328 4119 431 4192 cri
488 4115 697 4191 Pallii
763 4119 1031 4190 honore
1114 4117 1449 4192 decorare
1506 4119 1878 4190 vellemus.
1938 4112 2178 4190 Rebus
2263 4113 2456 4188 hisce

330 4242 651 4315 omuibus
688 4262 729 4313 a
768 4235 1023 4312 Nostra
1081 4236 1654 4332 Congrcgatione
1711 4235 1908 4311 Fidei
1966 4232 2457 4329 Propagandae

328 4366 729 4456 praeposita
784 4362 1160 4453 diligenter
1198 4374 1271 4435 et
1308 4375 1635 4437 accurato
1689 4361 2004 4434 examine
2062 4357 2454 4452 perpensis,
