3292 5275
855 494 963 576 52

854 633 1103 705 tiosins
1140 631 1545 723 impendere
1584 633 1808 723 possit
1840 631 2185 704 humanae
2225 631 2556 717 familiae,
2591 627 2734 705 Nos
2771 643 2975 705 tanto

852 754 1061 836 malo,
1119 772 1246 845 pro
1299 752 1605 835 viribus,
1662 750 2006 824 obsistere
2059 752 2492 840 curavimus,
2542 773 2682 824 non
2745 754 2970 826 solum

854 873 1153 945 obiectis
1206 871 1389 964 apud
1428 855 1587 943 'Nos
1626 873 2016 963 impietatis
2073 871 2358 944 conatui
2413 873 2694 957 scholis,
2733 873 2848 943 ubi
2887 874 2976 946 ad

856 993 1195 1086 pietatem
1247 994 1439 1065 iuxta
1494 1006 1569 1064 et
1622 994 1714 1064 ad
1767 1013 2007 1065 sanam
2073 993 2504 1086 solidamque
2579 993 2980 1066 doctrinam

856 1111 1243 1205 fingeretur
1302 1115 1635 1185 iuventus
1665 1135 1690 1200 3
1729 1114 1854 1186 sed
1889 1115 2246 1204 egregium
2285 1113 2418 1185 hoc
2453 1125 2785 1205 coeptum
2819 1116 2983 1186 ubi-

856 1255 995 1328 que
1050 1235 1265 1306 etiam
1320 1209 1810 1328 pro‘moventes
1865 1241 2290 1310 auctoritate
2319 1287 2342 1324 ,
2401 1240 2680 1325 favore,
2733 1240 2982 1313 horta-

858 1359 1197 1443 tionihuS,
1236 1359 1563 1454 omnique
1618 1359 1824 1430 laude
1882 1370 2384 1453 prosequentes
2440 1363 2824 1435 catholicas
2869 1385 2983 1437 so-

858 1479 1152 1553 cietates
1207 1481 1374 1554 huic
1430 1483 1623 1574 operi
1683 1483 1992 1553 devotas.
2045 1478 2286 1554 Facile
2344 1497 2714 1575 propterea
2771 1487 2984 1558 intel-

857 1601 1091 1691 ligetis
1123 1649 1147 1682 ,
1201 1597 1455 1674 Dilecti
1508 1599 1732 1689 Filii,
1788 1615 2052 1698 quanta
2107 1603 2536 1676 iucunditate
2591 1617 2665 1678 et
2718 1607 2978 1680 laetitia

858 1733 1177 1795 vestrum
1232 1723 1682 1798 didicerimus
1738 1725 2171 1818 propositum
2227 1729 2645 1800 consulendi
2691 1730 2980 1822 quidem

861 1845 1050 1919 omni
1108 1845 1377 1920 ratione
1438 1847 1805 1936 religionis
1843 1847 2232 1918 catholicae
2271 1847 2662 1921 defensioni
2699 1861 2769 1921 et
2809 1871 2982 1942 pro-

862 1968 1098 2041 vectui
1134 2017 1155 2056 ,
1213 1968 1337 2040 sed
1392 1966 1746 2042 curandae
1803 1965 2210 2040 nominatim
2277 1979 2512 2040 rectae
2579 1969 2979 2043 educationi

864 2088 1213 2181 pueritiae
1248 2100 1323 2160 et
1360 2088 1903 2163 adolescentiae.
1937 2083 2162 2162 Cuius
2217 2107 2384 2159 sane
2441 2091 2541 2160 rei
2599 2091 2984 2163 necessitas

864 2231 950 2282 co
1006 2209 1284 2302 gravior
1339 2219 1449 2283 est
1504 2210 1692 2302 apud
1745 2231 1901 2294 vos,
1961 2229 2096 2301 quo
2163 2209 2565 2284 diuturnius
2637 2209 2982 2305 impietati

865 2329 1070 2402 licuit
1124 2332 1196 2400 in
1254 2332 1485 2424 patria
1541 2340 1777 2402 vestra
1831 2330 2240 2402 adlaborare
2296 2333 2677 2403 avocandis
2733 2354 2777 2405 a
2833 2343 2982 2404 toto

867 2452 1349 2546 supernalium
1404 2473 1636 2526 rerum
1691 2449 1933 2522 ordine
1989 2452 2238 2524 animis
2275 2496 2302 2535 ,
2356 2449 2752 2525 inducendo
2819 2454 2988 2525 reli·-

866 2573 1093 2670 gionis
1149 2574 1553 2666 neglectui,
1608 2573 1983 2664 vulgandis
2047 2573 2660 2666 perniciosissimis
2726 2573 2988 2646 errori-

867 2696 1029 2783 bus,
1072 2696 1407 2771 vitiandis
1451 2696 1786 2779 moribuS,
1836 2686 2280 2768 detrahendis
2338 2697 2569 2769 cuivis
2625 2694 2986 2788 cupiditati

868 2818 1158 2900 fraenis,
1198 2818 1593 2910 populoque
1622 2816 1694 2887 in
1723 2837 1969 2889 earum
2006 2837 2225 2888 coeno
2262 2814 2722 2908 demergendo
2733 2836 2758 2900 3
2799 2817 2984 2887 unde

870 2938 1265 3013 necessario
1320 2948 1696 3013 manarunt
1751 2938 2120 3031 flagrantia
2177 2936 2578 3030 opinionum
2647 2934 2924 3007 dissidia
2960 2984 2982 3022 ,

871 3058 1217 3135 mobilitas
1272 3062 1493 3131 ferme
1548 3068 1890 3159 perpetua
1948 3059 2214 3130 formae
2270 3056 2654 3147 regiminis,
2713 3058 2992 3129 creber-

873 3184 1089 3256 rimae
1127 3181 1619 3254 commotiones
1657 3201 1740 3251 ac
1777 3178 2190 3264 seditioneS,
2231 3176 2598 3250 conversio
2651 3178 2990 3253 mentium

871 3302 958 3376 ad
1013 3302 1296 3395 propria
1361 3302 1595 3395 potius
1662 3320 1872 3394 quam
1945 3301 2036 3373 ad
2108 3298 2378 3393 patriae
2452 3300 2840 3386 commoda,
2916 3313 2991 3373 et

871 3424 993 3499 illa
1048 3425 1381 3497 vitiorum
1434 3424 1811 3507 colluvies,
1838 3442 2018 3517 quae
2073 3423 2352 3493 taudem
2389 3422 2854 3512 nuperrimam
2905 3432 2979 3494 et

875 3544 1186 3619 omnium
1240 3544 1902 3618 truculentissimam
1959 3543 2430 3615 calamitatem
2487 3540 2806 3615 adduxit.
2849 3538 2990 3615 Per

878 3666 1247 3740 consilium
1303 3666 1543 3759 itaque
1600 3688 1641 3737 a
1701 3666 1898 3737 vobis
1955 3665 2206 3736 initum
2259 3682 2400 3734 non
2440 3662 2759 3753 religioni
2797 3664 2986 3735 dum·

880 3796 1072 3861 taxat
1102 3800 1172 3859 et
1203 3788 1548 3880 spirituali
1591 3788 1984 3858 iuventutis
2023 3786 2494 3857 emolumento
2525 3784 2990 3873 prospicitur3

880 3908 1001 3980 sed
1060 3908 1488 3979 reducendae
1545 3928 1818 3999 quoque
1876 3907 2264 3979 consulitur
2320 3902 2700 3976 animorum
2739 3924 2994 3975 conso-

881 4029 1203 4112 ciationi,
1261 4026 1658 4099 firmissimo
1715 4028 2051 4098 adversus
2106 4026 2390 4099 hostiles
2447 4026 2744 4118 impetus
2799 4046 2994 4116 prae·-

882 4148 1093 4236 sidio,
1122 4148 1482 4241 ordinique
1542 4146 1734 4221 civili
1791 4148 2246 4228 restituendo,
2287 4168 2368 4219 ac
2407 4146 2673 4239 patriae
2709 4155 2990 4217 vestrae

886 4269 957 4341 in
1014 4268 1373 4359 pristinam
1432 4269 1960 4362 amplitudinem
2017 4265 2494 4339 vindicandae.
2552 4260 2708 4335 Non
2779 4262 2992 4335 mira-

887 4408 1047 4460 mur
1101 4384 1389 4475 idcirco,
1425 4392 1765 4483 plurimos
1801 4388 1986 4460 illico
2025 4387 2436 4479 suffragatus
2491 4406 2646 4457 esse
2699 4383 2988 4457 consilio
