<?xml version="1.0" encoding="UTF-8"?>
<!DOCTYPE html PUBLIC "-//W3C//DTD XHTML 1.0 Transitional//EN"
    "http://www.w3.org/TR/xhtml1/DTD/xhtml1-transitional.dtd">
<html xmlns="http://www.w3.org/1999/xhtml" xml:lang="en" lang="en">
 <head>
  <title>
</title>
<meta http-equiv="Content-Type" content="text/html;charset=utf-8" />
  <meta name='ocr-system' content='tesseract 3.04.00' />
  <meta name='ocr-capabilities' content='ocr_page ocr_carea ocr_par ocr_line ocrx_word'/>
</head>
<body>
  <div class='ocr_page' id='page_1' title='image "./piiixpontificis01ixgoog_0616.png"; bbox 0 0 3292 5275; ppageno 0'>
   <div class='ocr_carea' id='block_1_1' title="bbox 849 479 1049 566">
    <p class='ocr_par' dir='ltr' id='par_1_1' title="bbox 849 479 1049 566">
     <span class='ocr_line' id='line_1_1' title="bbox 849 479 1049 566; baseline -0.015 -2"><span class='ocrx_word' id='word_1_1' title='bbox 849 479 1049 566; x_wconf 72' lang='lat'><strong>,222</strong></span> 
     </span>
    </p>
   </div>
   <div class='ocr_carea' id='block_1_2' title="bbox 879 621 3037 4471">
    <p class='ocr_par' dir='ltr' id='par_1_2' title="bbox 883 621 3017 820">
     <span class='ocr_line' id='line_1_2' title="bbox 885 621 3017 726; baseline 0.004 -32"><span class='ocrx_word' id='word_1_2' title='bbox 885 643 1116 695; x_wconf 77' lang='lat' dir='ltr'><strong>novae</strong></span> <span class='ocrx_word' id='word_1_3' title='bbox 1189 621 1618 698; x_wconf 78' lang='lat' dir='ltr'><strong>dioecesium</strong></span> <span class='ocrx_word' id='word_1_4' title='bbox 1706 625 2331 724; x_wconf 78' lang='lat' dir='ltr'><strong>circumscriptioni</strong></span> <span class='ocrx_word' id='word_1_5' title='bbox 2424 629 3017 726; x_wconf 78' lang='lat' dir='ltr'><strong>quandocumque</strong></span> 
     </span>
     <span class='ocr_line' id='line_1_3' title="bbox 883 743 1937 820; baseline 0 -4"><span class='ocrx_word' id='word_1_6' title='bbox 883 743 1100 817; x_wconf 77' lang='lat' dir='ltr'><strong>fuerit</strong></span> <span class='ocrx_word' id='word_1_7' title='bbox 1149 746 1240 818; x_wconf 85' lang='lat' dir='ltr'><strong>ad</strong></span> <span class='ocrx_word' id='word_1_8' title='bbox 1295 765 1445 816; x_wconf 88' lang='lat' dir='ltr'><strong>rem</strong></span> <span class='ocrx_word' id='word_1_9' title='bbox 1500 745 1937 820; x_wconf 87' lang='lat' dir='ltr'><strong>adducenda.</strong></span> 
     </span>
    </p>

    <p class='ocr_par' dir='ltr' id='par_1_3' title="bbox 879 861 3037 4347">
     <span class='ocr_line' id='line_1_4' title="bbox 985 861 3015 962; baseline 0.004 -26"><span class='ocrx_word' id='word_1_10' title='bbox 985 907 996 918; x_wconf 91' lang='lat'><strong>·</strong></span> <span class='ocrx_word' id='word_1_11' title='bbox 1091 861 1310 938; x_wconf 88' lang='lat' dir='ltr'><strong>Porro</strong></span> <span class='ocrx_word' id='word_1_12' title='bbox 1366 876 1448 937; x_wconf 89' lang='lat' dir='ltr'><strong>ut</strong></span> <span class='ocrx_word' id='word_1_13' title='bbox 1527 878 1783 938; x_wconf 80' lang='lat' dir='ltr'><strong>cuncta</strong></span> <span class='ocrx_word' id='word_1_14' title='bbox 1838 887 1879 937; x_wconf 90' lang='lat' dir='ltr'><strong>a</strong></span> <span class='ocrx_word' id='word_1_15' title='bbox 1930 861 2149 940; x_wconf 88' lang='lat' dir='ltr'><strong>Nobis</strong></span> <span class='ocrx_word' id='word_1_16' title='bbox 2180 913 2203 947; x_wconf 85' lang='lat'>‚</span> <span class='ocrx_word' id='word_1_17' title='bbox 2259 879 2335 940; x_wconf 90' lang='lat' dir='ltr'><strong>ut</strong></span> <span class='ocrx_word' id='word_1_18' title='bbox 2400 889 2615 960; x_wconf 88' lang='lat' dir='ltr'><strong>supra</strong></span> <span class='ocrx_word' id='word_1_19' title='bbox 2670 869 3015 962; x_wconf 84' lang='lat' dir='ltr'><strong>disposita</strong></span> 
     </span>
     <span class='ocr_line' id='line_1_5' title="bbox 885 985 3021 1084; baseline 0.002 -26"><span class='ocrx_word' id='word_1_20' title='bbox 885 985 1056 1075; x_wconf 88' lang='lat' dir='ltr'><strong>rite,</strong></span> <span class='ocrx_word' id='word_1_21' title='bbox 1109 987 1455 1072; x_wconf 81' lang='lat' dir='ltr'><strong>feliciter,</strong></span> <span class='ocrx_word' id='word_1_22' title='bbox 1513 1009 1598 1058; x_wconf 91' lang='lat' dir='ltr'><strong>ac</strong></span> <span class='ocrx_word' id='word_1_23' title='bbox 1650 985 1973 1060; x_wconf 82' lang='lat' dir='ltr'><strong>celeriter</strong></span> <span class='ocrx_word' id='word_1_24' title='bbox 2024 989 2117 1060; x_wconf 83' lang='lat' dir='ltr'><strong>ad</strong></span> <span class='ocrx_word' id='word_1_25' title='bbox 2173 1000 2483 1081; x_wconf 86' lang='lat' dir='ltr'><strong>optatum</strong></span> <span class='ocrx_word' id='word_1_26' title='bbox 2540 989 2803 1064; x_wconf 85' lang='lat' dir='ltr'><strong>exitum</strong></span> <span class='ocrx_word' id='word_1_27' title='bbox 2856 1013 3021 1084; x_wconf 87' lang='lat' dir='ltr'><strong>per-</strong></span> 
     </span>
     <span class='ocr_line' id='line_1_6' title="bbox 885 1104 3021 1201; baseline 0.001 -18"><span class='ocrx_word' id='word_1_28' title='bbox 885 1111 1227 1183; x_wconf 84' lang='lat' dir='ltr'><strong>ducantur</strong></span> <span class='ocrx_word' id='word_1_29' title='bbox 1281 1105 1628 1182; x_wconf 82' lang='lat' dir='ltr'><strong>Dilectum</strong></span> <span class='ocrx_word' id='word_1_30' title='bbox 1710 1105 1973 1180; x_wconf 89' lang='lat' dir='ltr'><strong>Filium</strong></span> <span class='ocrx_word' id='word_1_31' title='bbox 2027 1104 2373 1184; x_wconf 82' lang='lat' dir='ltr'><strong>Nostrum</strong></span> <span class='ocrx_word' id='word_1_32' title='bbox 2428 1107 2761 1184; x_wconf 85' lang='lat' dir='ltr'><strong>loannem</strong></span> <span class='ocrx_word' id='word_1_33' title='bbox 2820 1107 3021 1201; x_wconf 78' lang='lat' dir='ltr'><strong>lgna-</strong></span> 
     </span>
     <span class='ocr_line' id='line_1_7' title="bbox 885 1226 3020 1320; baseline -0.001 -16"><span class='ocrx_word' id='word_1_34' title='bbox 885 1231 1064 1304; x_wconf 88' lang='lat' dir='ltr'><strong>tium</strong></span> <span class='ocrx_word' id='word_1_35' title='bbox 1117 1227 1197 1302; x_wconf 84' lang='lat' dir='ltr'><strong>S.</strong></span> <span class='ocrx_word' id='word_1_36' title='bbox 1237 1228 1328 1302; x_wconf 81' lang='lat' dir='ltr'><strong>R.</strong></span> <span class='ocrx_word' id='word_1_37' title='bbox 1367 1227 1458 1302; x_wconf 87' lang='grc' dir='ltr'><strong>Ε.</strong></span> <span class='ocrx_word' id='word_1_38' title='bbox 1516 1227 2019 1320; x_wconf 84' lang='lat' dir='ltr'><strong>Presbyterum</strong></span> <span class='ocrx_word' id='word_1_39' title='bbox 2056 1226 2503 1302; x_wconf 85' lang='lat' dir='ltr'><strong>Cardiualem</strong></span> <span class='ocrx_word' id='word_1_40' title='bbox 2560 1227 2850 1302; x_wconf 82' lang='lat' dir='ltr'><strong>Moreno</strong></span> <span class='ocrx_word' id='word_1_41' title='bbox 2890 1228 3020 1302; x_wconf 83' lang='lat' dir='ltr'><strong>Ar·</strong></span> 
     </span>
     <span class='ocr_line' id='line_1_8' title="bbox 885 1347 3017 1443; baseline 0.002 -21"><span class='ocrx_word' id='word_1_42' title='bbox 885 1352 1406 1443; x_wconf 87' lang='lat' dir='ltr'><strong>chiepiscopum</strong></span> <span class='ocrx_word' id='word_1_43' title='bbox 1467 1347 2097 1437; x_wconf 78' lang='lat' dir='ltr'><strong>vallisoletanum,</strong></span> <span class='ocrx_word' id='word_1_44' title='bbox 2182 1352 2265 1422; x_wconf 86' lang='lat' dir='ltr'><strong>de</strong></span> <span class='ocrx_word' id='word_1_45' title='bbox 2350 1352 2557 1433; x_wconf 82' lang='lat' dir='ltr'><strong>cuius</strong></span> <span class='ocrx_word' id='word_1_46' title='bbox 2638 1353 3017 1442; x_wconf 84' lang='lat' dir='ltr'><strong>prudentia</strong></span> 
     </span>
     <span class='ocr_line' id='line_1_9' title="bbox 885 1469 3019 1564; baseline 0 -22"><span class='ocrx_word' id='word_1_47' title='bbox 885 1473 1232 1556; x_wconf 86' lang='lat' dir='ltr'><strong>doctrina,</strong></span> <span class='ocrx_word' id='word_1_48' title='bbox 1289 1484 1505 1564; x_wconf 83' lang='lat' dir='ltr'><strong>atque</strong></span> <span class='ocrx_word' id='word_1_49' title='bbox 1563 1473 1968 1564; x_wconf 77' lang='lat' dir='ltr'><strong>integritate</strong></span> <span class='ocrx_word' id='word_1_50' title='bbox 2026 1473 2392 1563; x_wconf 81' lang='lat' dir='ltr'><strong>plurimam</strong></span> <span class='ocrx_word' id='word_1_51' title='bbox 2446 1472 2522 1542; x_wconf 91' lang='lat' dir='ltr'><strong>in</strong></span> <span class='ocrx_word' id='word_1_52' title='bbox 2582 1469 2885 1546; x_wconf 90' lang='lat' dir='ltr'><strong>Domino</strong></span> <span class='ocrx_word' id='word_1_53' title='bbox 2944 1471 3019 1542; x_wconf 83' lang='lat' dir='ltr'><strong>fi·</strong></span> 
     </span>
     <span class='ocr_line' id='line_1_10' title="bbox 885 1583 3017 1684; baseline 0.001 -20"><span class='ocrx_word' id='word_1_54' title='bbox 885 1593 1164 1664; x_wconf 88' lang='lat' dir='ltr'><strong>duciam</strong></span> <span class='ocrx_word' id='word_1_55' title='bbox 1207 1593 1570 1676; x_wconf 84' lang='lat' dir='ltr'><strong>habemus,</strong></span> <span class='ocrx_word' id='word_1_56' title='bbox 1615 1591 2084 1684; x_wconf 83' lang='lat' dir='ltr'><strong>praesentium</strong></span> <span class='ocrx_word' id='word_1_57' title='bbox 2122 1583 2535 1665; x_wconf 86' lang='lat' dir='ltr'><strong>Nostrarum</strong></span> <span class='ocrx_word' id='word_1_58' title='bbox 2584 1589 3017 1666; x_wconf 79' lang='lat' dir='ltr'><strong>Litterarum</strong></span> 
     </span>
     <span class='ocr_line' id='line_1_11' title="bbox 885 1714 3016 1804; baseline -0 -18"><span class='ocrx_word' id='word_1_59' title='bbox 885 1725 1335 1788; x_wconf 81' lang='lat' dir='ltr'><strong>executorem</strong></span> <span class='ocrx_word' id='word_1_60' title='bbox 1375 1714 1843 1798; x_wconf 81' lang='lat' dir='ltr'><strong>nominamuS,</strong></span> <span class='ocrx_word' id='word_1_61' title='bbox 1884 1714 2385 1786; x_wconf 89' lang='lat' dir='ltr'><strong>constituimus</strong></span> <span class='ocrx_word' id='word_1_62' title='bbox 2424 1731 2497 1784; x_wconf 91' lang='lat' dir='ltr'><strong>et</strong></span> <span class='ocrx_word' id='word_1_63' title='bbox 2549 1714 3016 1804; x_wconf 80' lang='lat' dir='ltr'><strong>deputamus3</strong></span> 
     </span>
     <span class='ocr_line' id='line_1_12' title="bbox 883 1832 3021 1928; baseline 0 -22"><span class='ocrx_word' id='word_1_64' title='bbox 883 1833 1084 1928; x_wconf 89' lang='lat' dir='ltr'><strong>eique</strong></span> <span class='ocrx_word' id='word_1_65' title='bbox 1138 1855 1378 1908; x_wconf 88' lang='lat' dir='ltr'><strong>omnes</strong></span> <span class='ocrx_word' id='word_1_66' title='bbox 1434 1847 1505 1908; x_wconf 89' lang='lat' dir='ltr'><strong>et</strong></span> <span class='ocrx_word' id='word_1_67' title='bbox 1561 1836 1873 1926; x_wconf 79' lang='lat' dir='ltr'><strong>singulas</strong></span> <span class='ocrx_word' id='word_1_68' title='bbox 1930 1834 2019 1908; x_wconf 87' lang='lat' dir='ltr'><strong>ad</strong></span> <span class='ocrx_word' id='word_1_69' title='bbox 2058 1832 2449 1908; x_wconf 87' lang='lat' dir='ltr'><strong>huiusmodi</strong></span> <span class='ocrx_word' id='word_1_70' title='bbox 2504 1833 2839 1908; x_wconf 77' lang='lat' dir='ltr'><strong>effectum</strong></span> <span class='ocrx_word' id='word_1_71' title='bbox 2897 1855 3021 1906; x_wconf 88' lang='lat' dir='ltr'><strong>ne-</strong></span> 
     </span>
     <span class='ocr_line' id='line_1_13' title="bbox 880 1954 3017 2048; baseline -0.001 -22"><span class='ocrx_word' id='word_1_72' title='bbox 880 1954 1213 2028; x_wconf 87' lang='lat' dir='ltr'><strong>cessarias</strong></span> <span class='ocrx_word' id='word_1_73' title='bbox 1247 2004 1269 2040; x_wconf 90' lang='lat'>,</span> <span class='ocrx_word' id='word_1_74' title='bbox 1327 1967 1402 2028; x_wconf 91' lang='lat' dir='ltr'><strong>et</strong></span> <span class='ocrx_word' id='word_1_75' title='bbox 1455 1967 1891 2048; x_wconf 88' lang='lat' dir='ltr'><strong>opportunas</strong></span> <span class='ocrx_word' id='word_1_76' title='bbox 1947 1957 2387 2027; x_wconf 87' lang='lat' dir='ltr'><strong>concedimus</strong></span> <span class='ocrx_word' id='word_1_77' title='bbox 2444 1955 2827 2028; x_wconf 80' lang='lat' dir='ltr'><strong>facultates</strong></span> <span class='ocrx_word' id='word_1_78' title='bbox 2860 2003 2885 2036; x_wconf 91' lang='lat'><strong>,</strong></span> <span class='ocrx_word' id='word_1_79' title='bbox 2942 1965 3017 2025; x_wconf 86' lang='lat' dir='ltr'><strong>ut</strong></span> 
     </span>
     <span class='ocr_line' id='line_1_14' title="bbox 879 2073 3019 2168; baseline -0.001 -20"><span class='ocrx_word' id='word_1_80' title='bbox 879 2077 1110 2148; x_wconf 84' lang='lat' dir='ltr'><strong>omnia</strong></span> <span class='ocrx_word' id='word_1_81' title='bbox 1193 2077 1516 2168; x_wconf 87' lang='lat' dir='ltr'><strong>superius</strong></span> <span class='ocrx_word' id='word_1_82' title='bbox 1599 2076 1980 2158; x_wconf 86' lang='lat' dir='ltr'><strong>ordinata,</strong></span> <span class='ocrx_word' id='word_1_83' title='bbox 2039 2097 2179 2168; x_wconf 89' lang='lat' dir='ltr'><strong>quo</strong></span> <span class='ocrx_word' id='word_1_84' title='bbox 2264 2075 2473 2146; x_wconf 89' lang='lat' dir='ltr'><strong>citius</strong></span> <span class='ocrx_word' id='word_1_85' title='bbox 2536 2073 2691 2146; x_wconf 89' lang='lat' dir='ltr'><strong>fieri</strong></span> <span class='ocrx_word' id='word_1_86' title='bbox 2748 2074 3019 2166; x_wconf 86' lang='lat' dir='ltr'><strong>possit,</strong></span> 
     </span>
     <span class='ocr_line' id='line_1_15' title="bbox 883 2191 3016 2290; baseline -0.001 -22"><span class='ocrx_word' id='word_1_87' title='bbox 883 2216 1216 2288; x_wconf 82' lang='lat' dir='ltr'><strong>peragere</strong></span> <span class='ocrx_word' id='word_1_88' title='bbox 1249 2243 1273 2276; x_wconf 87' lang='lat'>‚</span> <span class='ocrx_word' id='word_1_89' title='bbox 1331 2207 1546 2289; x_wconf 88' lang='lat' dir='ltr'><strong>atque</strong></span> <span class='ocrx_word' id='word_1_90' title='bbox 1631 2207 1944 2268; x_wconf 81' lang='lat' dir='ltr'><strong>statuere</strong></span> <span class='ocrx_word' id='word_1_91' title='bbox 2033 2195 2351 2290; x_wconf 77' lang='lat' dir='ltr'><strong>delegata</strong></span> <span class='ocrx_word' id='word_1_92' title='bbox 2420 2193 2549 2266; x_wconf 89' lang='lat' dir='ltr'><strong>sibi</strong></span> <span class='ocrx_word' id='word_1_93' title='bbox 2608 2191 3016 2285; x_wconf 84' lang='lat' dir='ltr'><strong>Apostolica</strong></span> 
     </span>
     <span class='ocr_line' id='line_1_16' title="bbox 879 2314 3025 2410; baseline -0 -24"><span class='ocrx_word' id='word_1_94' title='bbox 879 2314 1294 2388; x_wconf 85' lang='lat' dir='ltr'><strong>auctoritate</strong></span> <span class='ocrx_word' id='word_1_95' title='bbox 1349 2317 1616 2400; x_wconf 86' lang='lat' dir='ltr'><strong>libere,</strong></span> <span class='ocrx_word' id='word_1_96' title='bbox 1674 2337 1758 2388; x_wconf 90' lang='lat' dir='ltr'><strong>ac</strong></span> <span class='ocrx_word' id='word_1_97' title='bbox 1798 2315 1989 2388; x_wconf 89' lang='lat' dir='ltr'><strong>licite</strong></span> <span class='ocrx_word' id='word_1_98' title='bbox 2036 2317 2255 2410; x_wconf 84' lang='lat' dir='ltr'><strong>possit</strong></span> <span class='ocrx_word' id='word_1_99' title='bbox 2291 2327 2363 2386; x_wconf 92' lang='lat' dir='ltr'><strong>et</strong></span> <span class='ocrx_word' id='word_1_100' title='bbox 2400 2317 2698 2400; x_wconf 82' lang='lat' dir='ltr'><strong>valeat3</strong></span> <span class='ocrx_word' id='word_1_101' title='bbox 2754 2316 3025 2387; x_wconf 87' lang='lat' dir='ltr'><strong>eidem-</strong></span> 
     </span>
     <span class='ocr_line' id='line_1_17' title="bbox 881 2435 3027 2529; baseline 0.001 -23"><span class='ocrx_word' id='word_1_102' title='bbox 881 2457 1018 2529; x_wconf 87' lang='lat' dir='ltr'><strong>que</strong></span> <span class='ocrx_word' id='word_1_103' title='bbox 1071 2438 1480 2508; x_wconf 80' lang='lat' dir='ltr'><strong>facultatem</strong></span> <span class='ocrx_word' id='word_1_104' title='bbox 1535 2439 1806 2529; x_wconf 89' lang='lat' dir='ltr'><strong>pariter</strong></span> <span class='ocrx_word' id='word_1_105' title='bbox 1864 2437 2271 2520; x_wconf 81' lang='lat' dir='ltr'><strong>tribuimuS,</strong></span> <span class='ocrx_word' id='word_1_106' title='bbox 2312 2446 2391 2509; x_wconf 88' lang='lat' dir='ltr'><strong>ut</strong></span> <span class='ocrx_word' id='word_1_107' title='bbox 2430 2435 2518 2506; x_wconf 85' lang='lat' dir='ltr'><strong>ad</strong></span> <span class='ocrx_word' id='word_1_108' title='bbox 2576 2437 2855 2526; x_wconf 88' lang='lat' dir='ltr'><strong>plenam</strong></span> <span class='ocrx_word' id='word_1_109' title='bbox 2914 2457 3027 2508; x_wconf 84' lang='lat' dir='ltr'><strong>re-</strong></span> 
     </span>
     <span class='ocr_line' id='line_1_18' title="bbox 883 2556 3025 2653; baseline 0 -25"><span class='ocrx_word' id='word_1_110' title='bbox 883 2577 1042 2630; x_wconf 88' lang='lat' dir='ltr'><strong>rum</strong></span> <span class='ocrx_word' id='word_1_111' title='bbox 1097 2556 1412 2630; x_wconf 88' lang='lat' dir='ltr'><strong>omnium</strong></span> <span class='ocrx_word' id='word_1_112' title='bbox 1468 2559 1536 2630; x_wconf 87' lang='lat' dir='ltr'><strong>in</strong></span> <span class='ocrx_word' id='word_1_113' title='bbox 1589 2559 1765 2632; x_wconf 89' lang='lat' dir='ltr'><strong>locis</strong></span> <span class='ocrx_word' id='word_1_114' title='bbox 1802 2559 2217 2653; x_wconf 87' lang='lat' dir='ltr'><strong>praesertim</strong></span> <span class='ocrx_word' id='word_1_115' title='bbox 2273 2558 2359 2630; x_wconf 87' lang='lat' dir='ltr'><strong>ab</strong></span> <span class='ocrx_word' id='word_1_116' title='bbox 2410 2557 2567 2630; x_wconf 89' lang='lat' dir='ltr'><strong>eius</strong></span> <span class='ocrx_word' id='word_1_117' title='bbox 2626 2556 3025 2628; x_wconf 88' lang='lat' dir='ltr'><strong>residentia</strong></span> 
     </span>
     <span class='ocr_line' id='line_1_19' title="bbox 883 2656 3025 2773; baseline -0 -24"><span class='ocrx_word' id='word_1_118' title='bbox 883 2680 1166 2751; x_wconf 86' lang='lat' dir='ltr'><strong>remotis</strong></span> <span class='ocrx_word' id='word_1_119' title='bbox 1215 2682 1709 2753; x_wconf 81' lang='lat' dir='ltr'><strong>executionem</strong></span> <span class='ocrx_word' id='word_1_120' title='bbox 1767 2656 2023 2766; x_wconf 86' lang='lat' dir='ltr'><strong>unam,</strong></span> <span class='ocrx_word' id='word_1_121' title='bbox 2083 2682 2199 2754; x_wconf 82' lang='lat' dir='ltr'><strong>vel</strong></span> <span class='ocrx_word' id='word_1_122' title='bbox 2257 2678 2493 2772; x_wconf 88' lang='lat' dir='ltr'><strong>plures</strong></span> <span class='ocrx_word' id='word_1_123' title='bbox 2550 2699 2893 2773; x_wconf 87' lang='lat' dir='ltr'><strong>personas</strong></span> <span class='ocrx_word' id='word_1_124' title='bbox 2954 2676 3025 2748; x_wconf 88' lang='lat' dir='ltr'><strong>in</strong></span> 
     </span>
     <span class='ocr_line' id='line_1_20' title="bbox 885 2800 3023 2893; baseline -0.002 -22"><span class='ocrx_word' id='word_1_125' title='bbox 885 2800 1220 2890; x_wconf 80' lang='lat' dir='ltr'><strong>dignitate</strong></span> <span class='ocrx_word' id='word_1_126' title='bbox 1257 2800 1729 2873; x_wconf 88' lang='lat' dir='ltr'><strong>ecclesiastica</strong></span> <span class='ocrx_word' id='word_1_127' title='bbox 1778 2802 2209 2875; x_wconf 83' lang='lat' dir='ltr'><strong>constitutas</strong></span> <span class='ocrx_word' id='word_1_128' title='bbox 2250 2801 2725 2893; x_wconf 70' lang='lat' dir='ltr'><strong>subdelegato,</strong></span> <span class='ocrx_word' id='word_1_129' title='bbox 2766 2811 2836 2869; x_wconf 86' lang='lat' dir='ltr'><strong>et</strong></span> <span class='ocrx_word' id='word_1_130' title='bbox 2874 2809 3023 2871; x_wconf 88' lang='lat' dir='ltr'><strong>tam</strong></span> 
     </span>
     <span class='ocr_line' id='line_1_21' title="bbox 885 2918 3033 3015; baseline -0.002 -22"><span class='ocrx_word' id='word_1_131' title='bbox 885 2922 1062 3015; x_wconf 89' lang='lat' dir='ltr'><strong>ipse,</strong></span> <span class='ocrx_word' id='word_1_132' title='bbox 1119 2943 1332 3014; x_wconf 87' lang='lat' dir='ltr'><strong>quam</strong></span> <span class='ocrx_word' id='word_1_133' title='bbox 1389 2942 1695 3015; x_wconf 87' lang='lat' dir='ltr'><strong>persona</strong></span> <span class='ocrx_word' id='word_1_134' title='bbox 1752 2922 1870 2995; x_wconf 87' lang='lat' dir='ltr'><strong>vel</strong></span> <span class='ocrx_word' id='word_1_135' title='bbox 1928 2942 2271 3014; x_wconf 79' lang='lat' dir='ltr'><strong>personae</strong></span> <span class='ocrx_word' id='word_1_136' title='bbox 2328 2922 2419 2993; x_wconf 85' lang='lat' dir='ltr'><strong>ab</strong></span> <span class='ocrx_word' id='word_1_137' title='bbox 2470 2942 2557 2993; x_wconf 91' lang='lat' dir='ltr'><strong>eo</strong></span> <span class='ocrx_word' id='word_1_138' title='bbox 2614 2918 2715 2990; x_wconf 88' lang='lat' dir='ltr'><strong>sic</strong></span> <span class='ocrx_word' id='word_1_139' title='bbox 2778 2919 3033 2989; x_wconf 85' lang='lat' dir='ltr'><strong>subde·</strong></span> 
     </span>
     <span class='ocr_line' id='line_1_22' title="bbox 880 3042 3033 3138; baseline -0.002 -24"><span class='ocrx_word' id='word_1_140' title='bbox 880 3042 1212 3137; x_wconf 80' lang='lat' dir='ltr'><strong>lcgandae</strong></span> <span class='ocrx_word' id='word_1_141' title='bbox 1267 3064 1481 3135; x_wconf 87' lang='lat' dir='ltr'><strong>super</strong></span> <span class='ocrx_word' id='word_1_142' title='bbox 1535 3064 1983 3138; x_wconf 90' lang='lat' dir='ltr'><strong>quacumque</strong></span> <span class='ocrx_word' id='word_1_143' title='bbox 2038 3043 2477 3137; x_wconf 87' lang='lat' dir='ltr'><strong>oppositione</strong></span> <span class='ocrx_word' id='word_1_144' title='bbox 2539 3042 2613 3112; x_wconf 88' lang='lat' dir='ltr'><strong>iu</strong></span> <span class='ocrx_word' id='word_1_145' title='bbox 2670 3052 2839 3113; x_wconf 88' lang='lat' dir='ltr'><strong>actu</strong></span> <span class='ocrx_word' id='word_1_146' title='bbox 2910 3060 3033 3110; x_wconf 85' lang='lat' dir='ltr'><strong>ex·</strong></span> 
     </span>
     <span class='ocr_line' id='line_1_23' title="bbox 887 3161 3029 3257; baseline -0.002 -21"><span class='ocrx_word' id='word_1_147' title='bbox 887 3164 1196 3239; x_wconf 84' lang='lat' dir='ltr'><strong>cutionis</strong></span> <span class='ocrx_word' id='word_1_148' title='bbox 1276 3165 1669 3236; x_wconf 86' lang='lat' dir='ltr'><strong>huiusmodi</strong></span> <span class='ocrx_word' id='word_1_149' title='bbox 1761 3163 2287 3257; x_wconf 85' lang='lat' dir='ltr'><strong>quomodolibet</strong></span> <span class='ocrx_word' id='word_1_150' title='bbox 2368 3164 2665 3235; x_wconf 86' lang='lat' dir='ltr'><strong>forsitan</strong></span> <span class='ocrx_word' id='word_1_151' title='bbox 2750 3161 3029 3235; x_wconf 88' lang='lat' dir='ltr'><strong>oritura</strong></span> 
     </span>
     <span class='ocr_line' id='line_1_24' title="bbox 884 3284 3031 3377; baseline -0.003 -20"><span class='ocrx_word' id='word_1_152' title='bbox 884 3306 1292 3375; x_wconf 77' lang='lat' dir='ltr'><strong>agnoscere,</strong></span> <span class='ocrx_word' id='word_1_153' title='bbox 1350 3305 1434 3357; x_wconf 92' lang='lat' dir='ltr'><strong>ac</strong></span> <span class='ocrx_word' id='word_1_154' title='bbox 1490 3284 1855 3357; x_wconf 83' lang='lat' dir='ltr'><strong>definitive</strong></span> <span class='ocrx_word' id='word_1_155' title='bbox 1912 3284 2366 3377; x_wconf 84' lang='lat' dir='ltr'><strong>pronuntiare</strong></span> <span class='ocrx_word' id='word_1_156' title='bbox 2424 3284 2647 3355; x_wconf 87' lang='lat' dir='ltr'><strong>libere</strong></span> <span class='ocrx_word' id='word_1_157' title='bbox 2706 3284 2885 3355; x_wconf 88' lang='lat' dir='ltr'><strong>item</strong></span> <span class='ocrx_word' id='word_1_158' title='bbox 2948 3300 3031 3353; x_wconf 85' lang='lat' dir='ltr'><strong>ae</strong></span> 
     </span>
     <span class='ocr_line' id='line_1_25' title="bbox 885 3400 3033 3496; baseline 0 -21"><span class='ocrx_word' id='word_1_159' title='bbox 885 3405 1078 3481; x_wconf 87' lang='lat' dir='ltr'><strong>licite</strong></span> <span class='ocrx_word' id='word_1_160' title='bbox 1131 3408 1404 3496; x_wconf 84' lang='lat' dir='ltr'><strong>possint</strong></span> <span class='ocrx_word' id='word_1_161' title='bbox 1440 3426 1520 3477; x_wconf 85' lang='lat' dir='ltr'><strong>ac</strong></span> <span class='ocrx_word' id='word_1_162' title='bbox 1559 3408 1869 3477; x_wconf 77' lang='lat' dir='ltr'><strong>valeant.</strong></span> <span class='ocrx_word' id='word_1_163' title='bbox 1932 3400 2265 3477; x_wconf 87' lang='lat' dir='ltr'><strong>Volumus</strong></span> <span class='ocrx_word' id='word_1_164' title='bbox 2328 3406 2621 3495; x_wconf 87' lang='lat' dir='ltr'><strong>insuper</strong></span> <span class='ocrx_word' id='word_1_165' title='bbox 2679 3415 2761 3474; x_wconf 89' lang='lat' dir='ltr'><strong>ut</strong></span> <span class='ocrx_word' id='word_1_166' title='bbox 2822 3424 3033 3495; x_wconf 86' lang='lat' dir='ltr'><strong>prae·</strong></span> 
     </span>
     <span class='ocr_line' id='line_1_26' title="bbox 887 3521 3027 3617; baseline -0.003 -16"><span class='ocrx_word' id='word_1_167' title='bbox 887 3529 1190 3601; x_wconf 87' lang='lat' dir='ltr'><strong>sentium</strong></span> <span class='ocrx_word' id='word_1_168' title='bbox 1229 3522 1657 3601; x_wconf 83' lang='lat' dir='ltr'><strong>Litterarum</strong></span> <span class='ocrx_word' id='word_1_169' title='bbox 1696 3521 2050 3601; x_wconf 81' lang='lat' dir='ltr'><strong>Executor</strong></span> <span class='ocrx_word' id='word_1_170' title='bbox 2104 3527 2415 3599; x_wconf 90' lang='lat' dir='ltr'><strong>omnium</strong></span> <span class='ocrx_word' id='word_1_171' title='bbox 2452 3536 2527 3597; x_wconf 87' lang='lat' dir='ltr'><strong>et</strong></span> <span class='ocrx_word' id='word_1_172' title='bbox 2580 3526 3027 3617; x_wconf 78' lang='lat' dir='ltr'><strong>siugulorum</strong></span> 
     </span>
     <span class='ocr_line' id='line_1_27' title="bbox 883 3642 3034 3741; baseline -0.003 -18"><span class='ocrx_word' id='word_1_173' title='bbox 883 3660 1200 3723; x_wconf 85' lang='lat' dir='ltr'><strong>actorum</strong></span> <span class='ocrx_word' id='word_1_174' title='bbox 1239 3647 1308 3721; x_wconf 89' lang='lat' dir='ltr'><strong>in</strong></span> <span class='ocrx_word' id='word_1_175' title='bbox 1345 3648 1661 3741; x_wconf 88' lang='lat' dir='ltr'><strong>ipsarum</strong></span> <span class='ocrx_word' id='word_1_176' title='bbox 1709 3642 2137 3722; x_wconf 83' lang='lat' dir='ltr'><strong>Litterarum</strong></span> <span class='ocrx_word' id='word_1_177' title='bbox 2174 3644 2595 3719; x_wconf 84' lang='lat' dir='ltr'><strong>executione</strong></span> <span class='ocrx_word' id='word_1_178' title='bbox 2634 3642 3034 3717; x_wconf 83' lang='lat' dir='ltr'><strong>conficien-</strong></span> 
     </span>
     <span class='ocr_line' id='line_1_28' title="bbox 881 3763 3034 3862; baseline -0.004 -19"><span class='ocrx_word' id='word_1_179' title='bbox 881 3770 1138 3856; x_wconf 81' lang='lat' dir='ltr'><strong>dorum</strong></span> <span class='ocrx_word' id='word_1_180' title='bbox 1221 3770 1546 3862; x_wconf 82' lang='lat' dir='ltr'><strong>exempla</strong></span> <span class='ocrx_word' id='word_1_181' title='bbox 1629 3768 1703 3841; x_wconf 89' lang='lat' dir='ltr'><strong>in</strong></span> <span class='ocrx_word' id='word_1_182' title='bbox 1790 3769 2201 3843; x_wconf 84' lang='lat' dir='ltr'><strong>authentica</strong></span> <span class='ocrx_word' id='word_1_183' title='bbox 2282 3766 2503 3841; x_wconf 85' lang='lat' dir='ltr'><strong>forma</strong></span> <span class='ocrx_word' id='word_1_184' title='bbox 2582 3778 2884 3841; x_wconf 81' lang='lat' dir='ltr'><strong>exarata</strong></span> <span class='ocrx_word' id='word_1_185' title='bbox 2944 3763 3034 3835; x_wconf 90' lang='lat' dir='ltr'><strong>ad</strong></span> 
     </span>
     <span class='ocr_line' id='line_1_29' title="bbox 881 3884 3037 3983; baseline -0.005 -16"><span class='ocrx_word' id='word_1_186' title='bbox 881 3889 960 3967; x_wconf 90' lang='lat' dir='ltr'><strong>S.</strong></span> <span class='ocrx_word' id='word_1_187' title='bbox 1017 3886 1657 3983; x_wconf 72' lang='lat' dir='ltr'><strong>congregationem</strong></span> <span class='ocrx_word' id='word_1_188' title='bbox 1712 3891 1921 3965; x_wconf 82' lang='lat' dir='ltr'><strong>rebus</strong></span> <span class='ocrx_word' id='word_1_189' title='bbox 1976 3884 2599 3965; x_wconf 84' lang='lat' dir='ltr'><strong>Consistorialibus</strong></span> <span class='ocrx_word' id='word_1_190' title='bbox 2658 3884 3037 3983; x_wconf 87' lang='lat' dir='ltr'><strong>praeposi·</strong></span> 
     </span>
     <span class='ocr_line' id='line_1_30' title="bbox 891 4001 3033 4106; baseline -0.004 -17"><span class='ocrx_word' id='word_1_191' title='bbox 891 4017 1038 4089; x_wconf 73' lang='lat' dir='ltr'><strong>tam</strong></span> <span class='ocrx_word' id='word_1_192' title='bbox 1093 4014 1168 4085; x_wconf 88' lang='lat' dir='ltr'><strong>in</strong></span> <span class='ocrx_word' id='word_1_193' title='bbox 1223 4012 1538 4087; x_wconf 89' lang='lat' dir='ltr'><strong>eiusdem</strong></span> <span class='ocrx_word' id='word_1_194' title='bbox 1611 4007 2191 4106; x_wconf 78' lang='lat' dir='ltr'><strong>congregationis</strong></span> <span class='ocrx_word' id='word_1_195' title='bbox 2249 4001 2541 4083; x_wconf 78' lang='lat' dir='ltr'><strong>archivo</strong></span> <span class='ocrx_word' id='word_1_196' title='bbox 2596 4008 3033 4085; x_wconf 82' lang='lat' dir='ltr'><strong>asservanda</strong></span> 
     </span>
     <span class='ocr_line' id='line_1_31' title="bbox 888 4127 3029 4229; baseline -0 -23"><span class='ocrx_word' id='word_1_197' title='bbox 888 4136 1078 4207; x_wconf 87' lang='lat' dir='ltr'><strong>intra</strong></span> <span class='ocrx_word' id='word_1_198' title='bbox 1154 4144 1461 4229; x_wconf 86' lang='lat' dir='ltr'><strong>quatuor</strong></span> <span class='ocrx_word' id='word_1_199' title='bbox 1543 4154 1815 4209; x_wconf 88' lang='lat' dir='ltr'><strong>menses</strong></span> <span class='ocrx_word' id='word_1_200' title='bbox 1880 4134 1971 4208; x_wconf 86' lang='lat' dir='ltr'><strong>ab</strong></span> <span class='ocrx_word' id='word_1_201' title='bbox 2027 4134 2281 4205; x_wconf 82' lang='lat' dir='ltr'><strong>harum</strong></span> <span class='ocrx_word' id='word_1_202' title='bbox 2338 4127 2760 4204; x_wconf 85' lang='lat' dir='ltr'><strong>Litterarum</strong></span> <span class='ocrx_word' id='word_1_203' title='bbox 2820 4151 3029 4205; x_wconf 84' lang='lat' dir='ltr'><strong>rece-</strong></span> 
     </span>
     <span class='ocr_line' id='line_1_32' title="bbox 887 4252 2727 4347; baseline -0.002 -22"><span class='ocrx_word' id='word_1_204' title='bbox 887 4254 1154 4347; x_wconf 86' lang='lat' dir='ltr'><strong>ptione,</strong></span> <span class='ocrx_word' id='word_1_205' title='bbox 1211 4252 1268 4327; x_wconf 87' lang='lat' dir='ltr'><strong>si</strong></span> <span class='ocrx_word' id='word_1_206' title='bbox 1318 4252 1471 4327; x_wconf 84' lang='lat' dir='ltr'><strong>fieri</strong></span> <span class='ocrx_word' id='word_1_207' title='bbox 1527 4253 1777 4347; x_wconf 84' lang='lat' dir='ltr'><strong>possit,</strong></span> <span class='ocrx_word' id='word_1_208' title='bbox 1832 4254 2320 4329; x_wconf 83' lang='lat' dir='ltr'><strong>transmittere</strong></span> <span class='ocrx_word' id='word_1_209' title='bbox 2378 4262 2727 4327; x_wconf 88' lang='lat' dir='ltr'><strong>teneatur.</strong></span> 
     </span>
    </p>

    <p class='ocr_par' dir='ltr' id='par_1_4' title="bbox 1101 4370 3031 4471">
     <span class='ocr_line' id='line_1_33' title="bbox 1101 4370 3031 4471; baseline -0.004 -18"><span class='ocrx_word' id='word_1_210' title='bbox 1101 4370 1296 4453; x_wconf 80' lang='lat' dir='ltr'><strong>Haec</strong></span> <span class='ocrx_word' id='word_1_211' title='bbox 1348 4376 1715 4463; x_wconf 75' lang='lat' dir='ltr'><strong>volumus,</strong></span> <span class='ocrx_word' id='word_1_212' title='bbox 1770 4375 2176 4459; x_wconf 77' lang='lat' dir='ltr'><strong>statuimus,</strong></span> <span class='ocrx_word' id='word_1_213' title='bbox 2232 4374 2743 4471; x_wconf 82' lang='lat' dir='ltr'><strong>praecepimus,</strong></span> <span class='ocrx_word' id='word_1_214' title='bbox 2806 4382 3031 4469; x_wconf 82' lang='lat' dir='ltr'><strong>atque</strong></span> 
     </span>
    </p>
   </div>
   <div class='ocr_carea' id='block_1_3' title="bbox 3243 105 3245 2877">
    <p class='ocr_par' dir='ltr' id='par_1_5' title="bbox 3243 105 3245 2877">
     <span class='ocr_line' id='line_1_34' title="bbox 3243 105 3245 2877; baseline 0 0"><span class='ocrx_word' id='word_1_215' title='bbox 3243 105 3245 2877; x_wconf 95' lang='lat' dir='ltr'><strong> </strong></span> 
     </span>
    </p>
   </div>
   <div class='ocr_carea' id='block_1_4' title="bbox 3241 3084 3245 3835">
    <p class='ocr_par' dir='ltr' id='par_1_6' title="bbox 3241 3084 3245 3835">
     <span class='ocr_line' id='line_1_35' title="bbox 3241 3084 3245 3835; baseline 0 0"><span class='ocrx_word' id='word_1_216' title='bbox 3241 3084 3245 3835; x_wconf 95' lang='lat' dir='ltr'><strong> </strong></span> 
     </span>
    </p>
   </div>
  </div>
 </body>
</html>
