3292 5275
2262 499 2411 586 271

299 645 594 717 exordiis
639 641 1230 717 ‘praedecessores
1285 636 1547 729 Nostri,
1583 629 1829 737 uigiles
1886 646 1960 716 in
2020 633 2267 732 lsrael,
2296 665 2423 716 re-

296 767 482 860 gibus
535 777 610 838 et
661 749 984 860 gentibus
1042 753 1580 850 denunciarunt,
1640 767 1768 838 has
1834 765 2088 838 deinde
2158 767 2422 837 iterum

301 889 684 982 iterumque
758 888 1323 959 damnationibus
1393 883 1549 960 ‘suis
1618 875 2132 980 perculerun't3
2190 902 2423 978 neque

299 1005 432 1079 Nos
490 1009 616 1100 ipsi
673 1009 833 1080 huic
891 1011 1118 1080 officio
1157 992 1528 1081 defuimus.
1571 1005 1851 1078 Utinam
1894 1008 2245 1099 supremis
2283 1001 2429 1077 Ec-

301 1131 551 1202 clesiae
591 1125 998 1202 pastoribus
1037 1123 1259 1202 maior
1323 1129 1564 1202 habita
1623 1129 1870 1201 fuisset
1928 1115 2099 1199 fides
2157 1127 2243 1198 ab
2301 1126 2427 1210 iis,

299 1229 410 1346 qui
469 1263 733 1344 pestem
791 1263 939 1324 tam
992 1253 1356 1325 exitiosam
1415 1251 1815 1345 potuissent
1882 1245 2264 1324 avertere!
2326 1245 2431 1319 At

298 1375 412 1444 illa
469 1393 590 1464 per
645 1371 964 1445 sinuosos
1022 1376 1384 1446 anfractus
1425 1375 1774 1466 irrepenS,
1808 1356 2023 1466 ope'rc
2068 1390 2420 1465 nunquam

299 1493 724 1601 intermisso,
779 1495 1091 1564 versutis
1146 1493 1506 1566 fraudibus
1563 1496 1823 1566 multos
1881 1493 2273 1585 decipiens,
2332 1513 2421 1564 eo

299 1593 580 1687 tandem
615 1615 930 1701 devenit,
972 1627 1052 1686 ut
1105 1637 1144 1685 e
1198 1607 1486 1722 latebris
1545 1616 1691 1688 suis
1730 1625 2161 1706 erumperet,
2193 1634 2405 1708 seque

299 1735 435 1807 iam
489 1747 844 1866 potentem
908 1735 1424 1829 dominamque·
1483 1737 1802 1806 iactaret.
1870 1732 2095 1807 Aucta
2151 1734 2221 1805 in
2282 1734 2415 1804 im-

299 1847 608 1926 mens'um
648 1855 1079 1929 adlectorum
1125 1857 1355 1942 turba,
1398 1838 1649 1948 'putant
1704 1857 1957 1927 nefarii
2014 1855 2112 1927 illi
2174 1861 2427 1929 coetus

299 1979 372 2048 se
428 1976 578 2050 voti
636 1977 768 2050 iam
825 1989 1176 2072 compotes
1235 1979 1446 2051 factos
1505 1989 1586 2048 ac
1635 1989 1888 2049 metam
1928 1977 2416 2069 praestitutam

297 2108 568 2170 tantum
627 2120 770 2170 non
825 2099 1166 2192 attigisse.
1225 2095 1300 2169 ld
1359 2099 1714 2192 assequuti
1782 2098 2198 2191 aliquando,
2228 2099 2420 2191 quod

297 2219 563 2292 tamdiu
621 2217 1087 2304 inhiaverant,
1129 2233 1208 2291 ut
1237 2218 1568 2314 &pluribus
1609 2220 1685 2290 in
1722 2220 1897 2291 loeis
1956 2237 2187 2290 rerum
2225 2238 2435 2290 summ

293 2359 444 2412 mae
497 2341 944 2434 praeessent,
1003 2341 1400 2435 comparata
1458 2341 1592 2414 sibi
1637 2319 2427 2414 'virium'etauctori-

295 2461 458 2533 tatis
511 2461 848 2554 praesidia
904 2482 991 2536 eo
1045 2473 1465 2534 convertunt
1505 2463 1864 2546 audacter,
1892 2464 1989 2532 ut
2016 2441 2422 2534 Ecclesiam

293 2579 420 2655 Dei
479 2573 846 2657 durissimo
901 2583 1308 2700 mancipent
1365 2583 1681 2668 servitio,
1743 2583 2197 2656 fundamenta
2258 2603 2427 2655 eon·—

289 2701 565 2776 vellant
607 2702 862 2798 quibus
919 2702 1580 2787 inanimi-,divinas
1620 2710 1982 2776 conentur
2032 2702 2426 2797 depravare

291 2836 501 2897 notas
553 2824 751 2919 queis
807 2820 1193 2920 praefulget
1247 2824 1596 2915 insigniS.
1651 2824 1823 2917 quid
1870 2818 2415 2918 molta21psam

294 2946 558 3019 crebris
615 2968 1042 3046 concussam
1062 2945 1414 3027 ·,'.ictibus
1463 2944 1893 3053 collapsam,
1940 2940 2307 3030 evomam,
2368 2946 2430 3017 si

289 3066 444 3140 liei-i
502 3070 778 3158 possit,
805 3088 894 3141 ex
951 3068 1118 3138 orbe
1172 3062 1458 3161 penitus
1513 3042 1817 3137 deleant.
1864 3060 2063 3153 Quae
2118 3084 2283 3136 cum
2320 3068 2433 3139 ita

291 3172 462 3273 sirit‚·
521 3182 972 3260 venerabiles
1029 3179 1342 3267 Fratres,
1403 3204 1678 3258 omnem
1746 3184 2074 3257 adhibete
2140 3190 2422 3279 operam

284 3304 694 3381 muniendis
751 3310 1094 3385 adversus
1151 3308 1397 3379 harum
1438 3318 1794 3379 sectarum
1832 3283 2118 3379 insidias
2160 3315 2232 3377 et
2271 3317 2430 3379 con—

287 3430 641 3525 tagionem
699 3430 1012 3502 fidelibus
1069 3452 1276 3504 curae
1335 3440 1618 3501 vestrae
1680 3426 2103 3512 commissis„
2146 3427 2429 3520 illisque

284 3556 414 3648 qui
476 3571 725 3624 nomen
783 3551 1090 3623 infauste
1147 3550 1468 3622 dederint
1522 3548 1770 3655 iisdem
1830 3545 2069 3632 sectis,
2114 3568 2155 3620 a
2194 3548 2433 3641 perdi-

287 3676 486 3746 tione
543 3673 1007 3745 retrahendis.
1061 3642 1320 3743 Eorum
1377 3673 1548 3742 vero
1605 3646 2021 3762 praesertim
2079 3668 2427 3742 ostendite

277 3806 364 3865 et
418 3803 814 3916 oppugnata
854 3812 1186 3875 errorem,
1222 3789 1342 3885 qui
1383 3792 1621 3863 dolum
1662 3792 1821 3861 sive
1864 3790 2045 3881 passi
2087 3766 2241 3863 sitia
2280 3806 2433 3862 rno-

277 3895 570 3987 lientes'
583 3901 740 3984 'non'
800 3908 1144 3984 'v‘erentur
1200 3912 1438 3984 adhoc
1495 3910 1803 3982 assei-eie
1860 3904 2195 3981 socialem
2256 3912 2438 3982 tan-

279 4026 449 4107 tuni
497 4032 870 4105 utilitatem
910 4035 1006 4105 ac'
1037 4022 1488 4124 progressum
1529 4037 1993 4158 mutuaeque·
1984 4012 2437 4103 beneficien-

275 4156 434 4229 tiae
472 4151 891 4225 exercitium
911 4152 1238 4270 'spectari
1279 4176 1316 4223 a
1343 4130 1835 4225 'tenebricosis'
1852 4152 2047 4267 hisce.
2097 4154 2430 4225 convent-

277 4256 556 4347 ticulis.
581 4268 935 4369 Exponite
991 4274 1074 4345 iis
1133 4292 1373 4369 saepe,
1435 4285 1506 4345 et
1561 4274 1783 4345 altius
1838 4252 2075 4343 ιιιιιιιιῖὲ,
2136 4272 2421 4364 defigite

273 4393 689 4470 Pontificias
747 4398 878 4468 hac
933 4396 1019 4467 de
1077 4416 1149 4466 re
1208 4395 1743 4468 constitutiones
1800 4404 1873 4465 et
1912 4394 2228 4480 edocete,
2274 4414 2423 4467 non
