3292 5275
2290 464 2440 549 351

325 606 613 685 Maioris
665 612 752 685 de
806 606 993 683 Urbe
1052 606 1387 683 Basilicas
1442 612 1660 683 semel
1720 612 1970 684 saltem
2021 612 2096 684 in
2151 610 2264 682 die
2321 631 2450 703 per

326 733 727 827 quindecim
784 734 1155 805 continuos
1210 742 1329 803 aut
1384 732 1837 823 interpolatos
1891 730 2042 805 dies
2105 734 2258 803 sive
2315 753 2450 803 na-

325 855 589 927 turales
646 856 800 927 sive
858 855 1075 925 etiam
1130 852 1673 939 ecclesiasticos,
1711 851 2046 925 nimirum
2103 872 2144 925 a
2203 852 2448 944 primis

324 976 643 1069 vesperis
696 976 907 1048 unius
960 973 1095 1046 diei
1154 994 1379 1067 usque
1437 974 1523 1045 ad
1582 974 1930 1067 integrum
1998 975 2219 1066 ipsius
2279 974 2450 1070 sub-

323 1098 675 1192 sequentis
733 1097 874 1169 diei
931 1097 1411 1188 vespertinum
1487 1096 1982 1189 crepusculum
2039 1106 2480 1189 computem·

323 1219 481 1302 dos,
523 1219 729 1293 alteri
780 1226 1014 1289 autem
1070 1200 1454 1292 Ecclesiam
1492 1216 1716 1310 ipsam
1773 1212 2262 1289 cathedralem
2317 1237 2450 1290 seu

320 1332 683 1421 maiorem,
742 1338 1059 1430 aliasque
1137 1347 1277 1423 tres
1362 1338 1674 1411 eiusdem
1729 1334 2069 1411 Civitatis
2131 1349 2256 1411 aut
2314 1336 2452 1409 loci

323 1463 479 1535 sive
537 1462 609 1531 in
668 1458 851 1533 illius
909 1458 1261 1531 suburbiis
1318 1458 1703 1531 existentes
1761 1461 1849 1532 ab
1904 1454 2298 1534 Ordinariis
2353 1460 2452 1531 lo·-

324 1604 571 1655 corum
625 1582 735 1653 vel
794 1600 1037 1653 eorum
1096 1575 1393 1653 Vicariis
1450 1580 1702 1656 aliisve
1741 1582 1828 1651 de
1889 1582 2200 1673 ipsorum
2253 1600 2452 1651 man-

322 1704 514 1789 dato,
602 1716 969 1795 postquam
1029 1703 1117 1773 ad
1176 1702 1453 1775 illorum
1530 1702 1848 1775 notitiam
1929 1704 2086 1773 hae·
2153 1696 2448 1773 Nostrae

321 1826 601 1901 litterae
666 1820 1145 1914 pervenerint,
1212 1824 1700 1916 designandas,
1759 1825 1970 1895 semel
2057 1824 2320 1912 pariter
2376 1821 2449 1889 in

324 1946 437 2019 die
498 1967 621 2037 pcr
678 1944 1071 2037 quindecim
1146 1948 1506 2019 continuos
1564 1959 1690 2021 aut
1747 1949 2203 2037 interpolatos
2257 1943 2440 2025 dies,

320 2080 400 2140 ut
454 2087 688 2158 supra,
744 2068 1003 2141 devote
1059 2067 1543 2153 visitaverint,
1588 2069 1824 2161 ibique
1865 2088 1992 2159 pro
2043 2063 2448 2139 Catholicae

323 2183 689 2261 Ecclesiae
727 2200 795 2259 et
834 2188 1042 2261 huius
1103 2185 1541 2281 Apostolicae
1598 2188 1798 2262 Sedis
1857 2190 2322 2281 prosperitate
2377 2196 2451 2257 et

322 2310 774 2390 exaltatione,
830 2330 955 2399 pro
1010 2312 1471 2404 extirpatione
1538 2312 1931 2393 haeresum,
1989 2309 2442 2402 omniumque

321 2432 707 2503 errantium
764 2432 1254 2515 conversione,
1298 2456 1421 2525 pro
1478 2436 1694 2506 totius
1753 2432 1998 2527 populi
2056 2427 2448 2506 Christiani

322 2573 493 2646 pace
549 2562 621 2623 et
678 2553 943 2625 unitate
1000 2575 1075 2622 ac
1132 2554 1327 2625 iuxta
1384 2567 1690 2627 mentem
1766 2550 2086 2627 Nostram
2147 2554 2301 2644 pias
2363 2552 2450 2623 ad

320 2669 548 2746 Deum
610 2696 853 2766 preces
906 2673 1309 2760 effuderint,
1370 2687 1448 2750 ut
1504 2677 1977 2770 plenissimam
2035 2676 2198 2748 anni
2264 2670 2454 2746 lubi-

320 2792 455 2868 laei
516 2796 833 2868 omnium
890 2809 1339 2887 pcccatorum
1396 2821 1682 2871 suorum
1741 2800 2276 2886 indulgentiam,
2332 2817 2454 2868 re-

318 2917 723 2988 missionem
776 2929 849 2990 et
906 2916 1211 3000 veniam,
1270 2941 1507 2990 annuo
1567 2921 1903 3010 temporis
1959 2921 2182 3012 spatio
2239 2937 2452 3010 supe-,-

322 3035 466 3108 rius
524 3048 902 3110 memorato
990 3038 1204 3110 semel
1289 3051 1835 3132 consequantur,
1895 3039 2447 3111 misericorditer

320 3157 397 3228 in
482 3153 787 3228 Domino
870 3157 1313 3230 concedimus
1368 3173 1441 3232 et
1499 3162 1972 3251 impertimus,
2031 3169 2444 3244 annuenteS,

318 3278 525 3349 etiam
582 3290 663 3348 ut
712 3277 889 3352 haec
971 3279 1403 3369 indulgentia
1482 3282 1848 3355 animabus
1905 3304 2087 3374 quae
2164 3277 2312 3355 Deo
2369 3281 2447 3354 in

320 3400 621 3472 caritate
676 3400 1091 3474 coniunctae
1176 3420 1259 3474 ex
1331 3401 1461 3472 hac
1539 3402 1690 3474 vita
1775 3403 2260 3497 migraverint,
2323 3425 2448 3495 per

318 3517 599 3592 modum
656 3517 959 3612 suffragii
1020 3521 1354 3613 applicari
1412 3525 1636 3614 possit
1691 3545 1774 3598 ac
1831 3528 2090 3602 valeat.

536 3635 973 3734 Navigantes
1014 3663 1184 3714 vero
1222 3654 1293 3713 et
1332 3645 1467 3714 iter
1522 3657 1835 3735 agentes,
1878 3659 1986 3726 ut,
2027 3646 2141 3720 ubi
2191 3648 2278 3719 ad
2321 3671 2451 3725 sua

319 3757 674 3833 domicilia
734 3779 857 3830 seu
914 3761 1057 3835 alio
1111 3763 1198 3837 ad
1252 3777 1517 3836 certam
1596 3765 1974 3840 stationem
2029 3789 2108 3840 se
2163 3742 2452 3862 recepe-2

320 3878 488 3964 rint,
554 3879 1047 3972 suprascriptis
1114 3887 1441 3972 peractis,
1500 3897 1571 3958 et
1636 3889 1930 3962 visitata
1989 3889 2282 3968 totidem
2339 3889 2451 3960 vi—

322 3999 523 4072 cibus
577 3997 897 4074 Ecclesia
936 3999 1341 4076 Cathedrali
1384 4008 1495 4080 vel
1558 4007 1827 4092 maiori,
1869 4019 1994 4082 aut
2045 4005 2447 4086 Parocbiali

318 4120 460 4193 loci
516 4143 755 4196 corum
812 4123 1146 4197 domicilii
1204 4149 1323 4200 seu
1383 4131 1708 4202 stationis
1775 4131 2452 4217 huiusmodi,‚eam·

320 4243 474 4314 dem
534 4244 1041 4337 indulgentiam
1102 4248 1436 4343 consequi
1496 4253 1766 4342 possint
1823 4265 1892 4324 et
1950 4255 2256 4328 valeant.
2305 4251 2449 4334 Nec

318 4385 460 4436 non
522 4365 888 4456 praedictis
947 4369 1258 4443 locorum
1314 4366 1738 4460 OrdinariiS‚
1783 4386 1860 4446 ut
1897 4395 2060 4450 cum
2124 4373 2454 4458 Moniali-
