3292 5275
875 467 1036 556 276

874 618 1032 690 lieet
1090 639 1230 692 non
1279 618 1494 690 semel
1545 613 1729 688 Urbs
1786 609 2327 690 Mediolanensis
2360 616 2847 690 'barbarorum
2880 619 3009 690 in-

878 739 1313 812 cursionibus
1363 743 1439 808 ‘ac
1495 737 2011 828 direptionibus
2052 736 2357 808 obnoxia
2394 737 2635 822 fuerit,
2676 749 3009 814 attamen

880 859 1368 932 sacra'eadem
1427 851 1727 948 Pignora
1784 857 2121 928 inviolata
2176 879 2448 950 semper
2490 860 2651 950 ipso
2697 859 2767 932 in
2810 862 3007 947 loco,

881 981 1002 1056 ahi
1063 983 1367 1072 primum
1406 980 1476 1048 in
1515 1001 1600 1052 ea
1639 975 1943 1051 Basilica
1996 981 2279 1052 fuerant
2314 979 2633 1060 condita,
2672 1001 3011 1070 perman-

880 1123 1056 1185 sere.
1117 1099 1386 1193 Quibus
1423 1101 1741 1176 omnibus
1781 1113 2134 1195 permotus
2182 1101 2625 1193 Angilbertus
2662 1096 3013 1176 Mediola-

789 1259 795 1277 ·
881 1228 1117 1300 nensis
1191 1221 1554 1296 Ecclesiae
1635 1222 1950 1296 Antistes
2034 1246 2215 1295 anno
2292 1236 2661 1316 reparatae
2740 1225 3005 1300 salutis

879 1342 1377 1423 Dcccxxxv
1432 1343 1777 1421 Ambrosii
1830 1367 1913 1416 ac
1970 1342 2389 1444 Sanctorum
2442 1341 2767 1418 Fratrum
2832 1367 3013 1418 cor-

881 1489 1053 1562 pora
1087 1489 1126 1538 e
1163 1468 1384 1558 primo
1422 1462 1833 1539 Conditorio
1873 1463 2251 1553 sublata,in
2290 1466 2635 1558 insignem
2672 1465 3001 1560 porphy-

883 1591 1178 1662 reticam
1213 1611 1442 1662 arcam
1482 1590 1877 1672 transtulit,
1934 1609 2135 1681 quam
2190 1587 2492 1678 desuper
2546 1589 3005 1678 pretiosissi-

881 1731 1072 1788 mum
1115 1731 1211 1784 ac
1287 1709 1445 1782 miri
1519 1711 1745 1802 operis
1830 1711 2053 1781 altare
2124 1712 2463 1782 extruxit.
2522 1705 2633 1780 Ex
2703 1721 2863 1782 tunc
2924 1711 3007 1782 in

880 1826 1346 1906 Ambrosiam
1396 1831 1681 1923 quidem
1732 1828 2061 1914 Basilica,
2122 1851 2251 1902 ceu
2307 1833 2675 1921 explorato
2732 1830 3013 1902 dormi-

883 1954 1098 2034 tionis
1152 1954 1334 2037 loco,
1393 1974 1478 2026 ea
1534 1947 1749 2025 Sacra
1822 1948 2123 2042 Pignora
2174 1949 2391 2024 ,totius
2444 1947 2655 2026 Orbis
2708 1971 3017 2024 venera-

880 2075 1072 2152 tione
1111 2073 1242 2150 coli
1269 2083 1665 2168 ,numquam
1702 2085 2103 2156 cessarunt,
2146 2073 2276 2146 sed
2306 2095 2393 2147 ea
2451 2077 2683 2167 palam
2719 2077 3013 2162 intueri,

881 2195 1140 2289 illoque
1177 2196 1510 2288 adspectu
1565 2196 1788 2269 veluti
1846 2195 1937 2266 ad
1990 2195 2393 2267 certandum
2446 2195 2717 2268 bonum
2768 2207 3017 2268 certa-

883 2336 1044 2394 men
1098 2315 1262 2390 fidei
1319 2319 1636 2390 roborari
1690 2317 2053 2409 hucusque
2118 2315 2383 2390 nemini
2446 2317 2689 2390 datum
2751 2319 3013 2390 fuerat.

1095 2436 1134 2530 ς
1189 2429 1262 2508 3.
1317 2433 1713 2512 Providens
1754 2446 1995 2510 tamen
2022 2433 2248 2526 DeuS,
2282 2439 2405 2533 qui
2436 2441 2585 2510 suis
2622 2441 2829 2511 novit
2864 2459 3021 2512 me-

881 2558 1189 2629 dicinam
1227 2569 1466 2653 aptare
1503 2558 1957 2654 temporibus,
1984 2559 2625 2650 auspicatissimum
2654 2562 3015 2634 eiusmodi

879 2692 1203 2755 eventum
1257 2683 1472 2754 aetati
1529 2690 1813 2756 nostrae
1869 2692 2393 2766 reservaverat,
2451 2704 2591 2775 qua
2650 2678 3017 2755 Ambrosii

881 2802 1240 2893 praeclara
1295 2806 1588 2886 monita,
1645 2824 1729 2875 ac
1784 2798 2175 2896 Martyrum
2244 2804 2569 2893 exempla
2634 2802 2723 2874 ad
2780 2804 3023 2875 infor-

881 2924 1170 3010 mandes
1225 2922 1530 2997 fidelium
1563 2926 1829 2997 animos
1884 2924 2137 3015 spiritu
2194 2924 2703 3013 intelligentiae
2742 2946 2823 2995 ac
2866 2927 3023 2997 for·-

885 3044 1214 3119 titudinis
1293 3056 1458 3117 sunt
1511 3066 1715 3139 quam
1783 3046 2083 3117 maxime
2150 3043 2568 3117 necessaria.
2626 3042 2811 3119 Cum
2868 3046 3023 3118 ita·-

880 3174 1021 3259 q'ue
1077 3188 1264 3239 anno
1321 3160 1849 3239 MDCCCLxlv
1903 3166 1995 3239 ad
2052 3162 2573 3239 Ambrosianam
2640 3162 3025 3241 Basilicam

882 3294 925 3362 a
979 3288 1448 3371 fundamentis
1488 3287 2307 3361 instaurandam’manus
2352 3288 2609 3359 fuisset
2656 3288 3021 3381 apposita,

883 3410 1203 3483 subfossa
1267 3410 1674 3502 pavimento
1710 3458 1735 3493 ,
1800 3408 2233 3501 disiectoque
2298 3420 2589 3481 vetusto
2644 3410 2957 3482 lateritio
2996 3460 3024 3493 ,

883 3532 1073 3623 quud
1117 3528 1596 3603 Confessionis
1653 3532 2087 3624 hypogaeum
2140 3530 2763 3603 circumambiebat
2784 3578 2805 3615 ,
2864 3533 3029 3624 pri-

883 3672 1076 3725 mum
1127 3652 1266 3723 duo
1323 3653 1644 3743 sepulcra
1700 3654 1977 3725 detecta
2034 3664 2227 3737 sunt,
2288 3672 2451 3724 mox
2513 3652 3025 3745 porphyretica

884 3794 1046 3858 area
1099 3794 1280 3869 quae
1333 3776 1466 3847 illis
1505 3778 1580 3849 in
1621 3787 2103 3850 transversum
2158 3776 2565 3849 insistebat.
2626 3774 2837 3849 Hisce
2886 3798 3025 3847 au-

883 3908 1022 3969 tem
1075 3896 1404 3988 reseratis
1461 3898 1824 3989 sepulcris,
1894 3898 2129 3991 aliqua
2194 3895 2575 3985 Sacrorum
2618 3894 3029 3989 Corporum

887 4023 1174 4113 lypsana
1231 4030 1498 4112 reperta
1573 4033 1735 4092 sunt
1789 4040 1927 4091 una
2010 4039 2169 4091 oum
2225 4018 2772 4092 numismatibus
2842 4038 3029 4108 epo-

881 4142 1084 4215 eham
1139 4138 1777 4235 praeseferentibus
1834 4142 2122 4211 illorum
2176 4139 2678 4230 depositionis,
2720 4138 3026 4211 saeculo

882 4275 1166 4356 quarto,
1223 4274 1434 4355 atque
1493 4261 1901 4333 eorumdem
1958 4257 2451 4350 recognitionis
2510 4259 2791 4332 ineunte
2861 4278 3035 4329 sae-

881 4384 1054 4456 culo.
1075 4379 1168 4455 VI
1203 4382 1424 4457 fictae
1470 4404 1512 4457 a
1549 4380 1813 4473 Sancto
1857 4378 2241 4455 Laurentio
2282 4379 2829 4475 Archiepiscopo
2864 4374 3031 4451 He-
