3292 5275
2187 496 2344 579 237

225 630 483 707 Sancto
532 632 837 727 Georgio
864 684 885 720 ‚
942 636 1141 708 alteri
1196 660 1237 709 a
1284 633 1641 709 Placentia
1696 656 1953 709 ’nomen
2011 639 2338 711 facimus.

224 750 479 831 Parva.
514 766 813 850 utraque
865 752 1325 831 Praefectura
1378 758 1517 841 his,
1556 755 1680 851 qui
1735 767 2152 851 sequuntur,
2194 768 2346 831 ter·-

222 875 425 948 minis
480 874 877 949 definiatur.
920 873 1369 949 Praefectura
1408 872 1647 949 Sancti
1703 873 1988 969 Georgii
2045 879 2348 972 incipiat

224 1016 263 1065 a
312 994 477 1069 sinu
532 992 637 1067 La
690 992 839 1070 Poil
896 998 1287 1085 exclusive,
1339 1000 1579 1091 usque·
1612 996 1698 1068 ad
1745 998 1978 1071 sinum
2043 993 2347 1071 Sanctae

225 1109 631 1190 Genovel'ae
683 1115 757 1189 in
812 1128 1011 1209 parte
1066 1118 1517 1201 occidentali,
1553 1117 1928 1210 eidemque
1986 1107 2350 1189 adscriba-

226 1246 333 1308 tur
384 1256 693 1327 capara
744 1236 1088 1309 dioecesis
1128 1232 1389 1309 Portus
1420 1233 1736 1322 Gratiae,
1773 1244 1948 1331 quae
2001 1260 2046 1310 a
2079 1255 2354 1310 memo-

227 1366 375 1430 rato
407 1356 575 1429 sinu
604 1351 909 1431 Sanctae
931 1351 1337 1431 Genovefac
1372 1358 1461 1429 ad
1494 1354 1732 1431 sinum
1761 1356 2155 1432 insularum
2183 1370 2352 1451 pro-

227 1474 561 1550 tenditur.
618 1470 1073 1552 Praefectura
1154 1498 1328 1551 vere
1384 1475 1782 1551 Placentiae
1836 1490 2250 1572 nuncupata
2303 1500 2348 1553 a

226 1606 423 1687 parte
480 1595 891 1668 occidentali
946 1598 1139 1669 sinus
1192 1598 1516 1671 eiusdem
1562 1599 1921 1683 nominis,
1976 1599 2068 1674 >ad
2124 1600 2352 1671 sinum

227 1712 321 1789 La
358 1712 517 1792 Pon
572 1716 919 1791 inclusive
969 1718 1413 1791 extendatur.
1470 1714 1674 1808 Quod
1710 1738 1885 1792 vero
1938 1705 2221 1812 spectat
2259 1718 2350 1791 ad

226 1836 563 1907 terminos
592 1831 1021 1911 Dioeeesium
1056 1834 1293 1911 Sancti
1322 1835 1609 1923 loannis
1653 1849 1730 1912 et
1765 1831 2026 1912 Portus
2063 1836 2365 1912 Gratiae·

226 1978 345 2029 eos
400 1954 501 2031 ita
554 1958 1033 2056 componimus
1063 1958 1173 2031 -ac
1228 1959 1752 2047 constituimus,
1792 1971 1874 2033 ut
1909 1956 2050 2034 duo
2101 1950 2354 2033 Paroe-

224 2077 377 2149 eiae
433 2079 644 2167 vulgo
708 2078 937 2151 dictae
1013 2075 1265 2171 Brigus
1296 2128 1319 2161 ,
1375 2092 1447 2152 et
1502 2074 2052 2153 Harbour-Main
2127 2076 2346 2153 Dioc-

225 2200 369 2271 ccsi
424 2192 682 2278 Portus
730 2196 1029 2275 Gratiae.
1064 2202 1433 2286 accedant,
1491 2214 1704 2296 atque
1771 2202 2058 2273 termini
2115 2212 2350 2293 poste-

228 2319 433 2392 rioris
492 2313 873 2391 Paroeciae
913 2342 993 2391 ex
1032 2320 1161 2393 hac
1199 2332 1396 2415 parte
1440 2322 1804 2416 utriusque
1862 2319 2228 2395 dioecesis·
2266 2322 2352 2394 li-

227 2441 435 2512 mites
490 2437 853 2513 deliniant.
912 2436 1243 2515 Volumus
1297 2443 1597 2536 denique
1635 2455 1716 2515 ut
1764 2462 2160 2537 quousque,
2225 2464 2352 2536 per

227 2554 371 2633 Nos
428 2571 639 2656 atque
692 2562 874 2634 hanc
933 2557 1261 2635 Sanctam
1316 2560 1561 2636 Sedem
1625 2558 2110 2658 Apostolicam
2166 2562 2352 2637 haud

226 2685 438 2756 aliter
496 2681 851 2776 provisum
909 2685 1146 2769 fuerit,
1197 2680 1645 2759 Praefectura
1699 2681 2134 2770 Placentiae,
2173 2706 2350 2778 quae

230 2805 633 2877 nominatur
666 2851 688 2890 ‚
745 2799 1057 2878 Antistiti
1112 2803 1357 2878 Sancti
1416 2802 1696 2879 loannis
1764 2808 1837 2878 in
1899 2805 2354 2879 administra-

228 2925 491 2998 tionem
547 2925 777 2996 detur.
835 2921 1027 2999 Haec
1082 2927 1483 3011 statuimus,
1516 2927 1960 3012 mandamuS,
2017 2923 2352 3000 edicimus

228 3046 691 3118 decernentes
748 3057 1153 3138 praesentes
1208 3041 1495 3120 Nostras
1551 3043 1858 3120 Litteras
1917 3047 2182 3133 firmaS,
2221 3069 2358 3122 va-

228 3167 405 3239 lidas
458 3178 535 3238 et
587 3169 904 3240 efficaces
942 3169 1250 3240 existere
1287 3177 1361 3239 et
1416 3170 1592 3253 fore,
1636 3189 1938 3263 suosque
1994 3169 2348 3261 plenarios

229 3299 299 3359 et
355 3285 663 3378 integros
720 3287 1013 3361 effectus
1068 3289 1329 3375 sortiri,
1386 3300 1459 3362 et
1512 3289 1863 3374 obtinere,
1929 3313 2012 3363 ac
2070 3289 2208 3362 illis
2261 3289 2352 3361 ad

230 3429 409 3501 quos
464 3418 734 3500 spectat
788 3419 861 3480 et
916 3429 1043 3500 pro
1099 3420 1408 3502 tempore
1446 3410 2044 3506 quandocumque
2091 3419 2356 3504 specta-

230 3528 335 3601 bit
390 3526 785 3622 plenissime
842 3532 1249 3624 suffragari3
1304 3533 1543 3624 sicque
1618 3531 1693 3602 in
1764 3530 2163 3624 praemissis
2227 3550 2352 3625 per

228 3671 709 3744 quoscumque
766 3647 1035 3724 Iudices
1097 3653 1485 3725 ordinarios
1538 3664 1612 3723 et
1677 3651 2028 3744 delegatos
2057 3699 2080 3736 ‚
2134 3652 2352 3724 etiam

227 3793 593 3846 causarum
648 3767 896 3846 Palatii
930 3770 1314 3870 Apostolici
1354 3771 1730 3850 Auditores
1787 3775 2082 3848 iudicari
2121 3787 2194 3846 et
2232 3776 2352 3848 de-

230 3891 421 3966 finiri
478 3893 761 3981 debere,
796 3895 1205 3991 irritumque
1241 3908 1313 3969 et
1354 3897 1562 3969 inane
1617 3897 1678 3967 si
1734 3917 1937 3968 secus
1991 3915 2202 3986 super
2239 3893 2350 3967 his

230 4035 273 4085 a
306 4034 662 4106 quoquam
688 4016 937 4108 quavis
972 4018 1387 4090 auctoritate
1442 4017 1747 4089 scienter
1785 4017 1902 4090 vel
1942 4014 2352 4107 ignoranter

230 4133 609 4225 contigerit
662 4137 1017 4210 attentari.
1056 4131 1209 4210 Non
1260 4137 1730 4223 obstantibuS‚
1771 4147 2120 4230 quatenus
2175 4155 2352 4228 opus

230 4255 321 4327 sit
354 4301 379 4340 ,
434 4249 689 4329 Nostra
766 4267 840 4330 et
920 4253 1403 4333 cancellariae
1458 4254 1901 4354 Apostolicae
1957 4259 2200 4349 regula
2257 4255 2345 4329 de

234 4374 387 4450 iure
440 4377 764 4473 quaesito
818 4397 957 4453 non
1012 4377 1351 4472 tollendo,
1407 4373 1772 4457 Benedicti
1809 4371 1992 4454 x1v.
2054 4373 2352 4456 Pracdc-
