3292 5275
822 473 981 557 286

1606 610 2150 709 EPISTOLA

821 896 1191 951 vssussnamu
1248 899 1479 949 fnum
1538 899 1782 949 nosne
1819 898 2256 949 consummo
2293 898 2350 947 S.
2386 899 2452 948 R·
2491 900 2552 947 Β.
2597 898 2932 951 canotum

924 1032 1171 1083 PATmzt
1228 1032 1527 1083 Episcopo
1580 1032 1862 1083 osvinus!
1919 1032 2000 1081 BT
2057 1032 2418 1082 mursano
2473 1032 2652 1082 SAGM
2709 1034 2938 1084 cnam-

925 1165 1153 1216 Malva
1210 1166 1499 1217 cottum!
1562 1166 1811 1217 oscum
1875 1166 2126 1216 vimmo
2191 1164 2434 1215 NOSTRO
2499 1166 2808 1217 centnm
2865 1168 2932 1218 ΙΝ

921 1300 1388 1350 st’nuTvamnvs
1441 1299 1645 1348 ROUAE
1703 1298 1968 1359 mvsovss
2027 1298 2420 1349 msrntcrv&

1522 1833 1776 1931 PlVS
1839 1834 2006 1928 PP.
2074 1834 2226 1929 lx.

814 2356 1322 2523 Venerabilis
1380 2446 1625 2523 Frater
1661 2444 1943 2536 Noster,
2001 2452 2299 2525 salutem
2337 2464 2407 2525 et
2454 2448 2928 2543 Apostolicam

808 2565 1405 2648 Benedictionem.
1462 2568 1777 2645 Ecclesia
1832 2568 1991 2658 Dei,
2042 2584 2401 2666 tamquam
2455 2566 2730 2661 Regina
2783 2574 2930 2646 cir-

810 2694 1128 2767 cumdata
1182 2695 1547 2778 varietate,
1608 2693 1812 2766 sicuti
1868 2694 2086 2767 nobili
2143 2694 2580 2768 diversorum
2621 2689 2928 2784 Regula-

811 2814 990 2884 rium
1027 2809 1365 2886 Ordinum
1421 2829 1836 2888 ornamento
1891 2816 2218 2888 decorata
2275 2814 2434 2896 fuit,
2473 2815 2571 2886 sic
2609 2815 2924 2889 sedulam

762 3021 769 3028 .
810 2953 1085 3026 semper
1136 2957 1375 3007 eorum
1415 2959 1696 3030 operam
1752 2936 2080 3010 adhibuit
2133 2936 2222 3008 ad
2261 2935 2774 3028 propagandam
2816 2935 2931 3006 di-

806 3053 958 3125 vini
1013 3047 1327 3128 Nominis
1381 3059 1704 3148 gloriam,
1745 3058 1832 3130 ad
1870 3055 2296 3129 christianae
2335 3055 2760 3148 reipublicae
2799 3075 2928 3128 nc-

811 3175 999 3265 gotia
1052 3175 1515 3268 expedienda,
1555 3179 1757 3250 etad
1809 3177 2276 3251 inducendum
2332 3175 2545 3248 etiam
2583 3176 2696 3248 vel
2751 3196 2928 3268 pro-

808 3296 1205 3368 vehendum
1242 3299 1317 3368 in
1375 3299 1678 3391 populis,
1735 3298 2096 3371 doctrinae
2133 3309 2206 3370 et
2259 3295 2571 3368 caritatis
2627 3317 2789 3388 ope,
2823 3297 2926 3369 ci-

806 3415 974 3487 vilis
1013 3417 1202 3489 vitae
1241 3419 1537 3491 cultum.
1577 3412 1940 3512 Quotquot
1995 3418 2252 3491 idcirco
2289 3420 2572 3490 fuerunt
2610 3437 2924 3509 unquam

808 3555 1049 3608 osores
1131 3532 1514 3623 Ecclesiae,
1574 3535 1960 3630 Regulares
2015 3535 2319 3611 Ordines
2401 3539 2702 3610 maxime
2759 3551 2925 3611 sunt

811 3655 1164 3742 insectati,
1202 3670 1272 3730 et
1310 3660 1497 3730 inter
1533 3681 1654 3731 eos
1695 3661 1953 3753 primas
1989 3659 2130 3731 odii
2169 3659 2278 3732 sui
2319 3670 2556 3751 partes
2613 3658 2922 3732 tribuere

808 3791 1337 3853 consueverunt
1390 3775 1729 3853 Societati
1783 3776 1969 3866 lesu,
2007 3791 2246 3874 utpote
2295 3801 2504 3872 quam
2560 3781 2926 3872 operosio-

808 3917 985 3982 rem,
1043 3899 1333 3992 suisque
1392 3912 1760 3994 propterea
1816 3901 2124 3974 consiliis
2179 3900 2614 3972 infestiorem
2669 3899 2924 3970 existi-

808 4031 1114 4091 marunt.
1171 4017 1250 4091 Id
1305 4019 1375 4092 in
1452 4020 2000 4114 praesentiarum
2075 4041 2348 4094 rursum
2401 4019 2554 4092 fieri
2608 4019 2922 4092 dolentes

810 4135 1311 4230 conspicimuS,
1368 4141 1534 4214 dum
1586 4143 1818 4214 civilis
1870 4136 2166 4214 Nostrae
2221 4140 2506 4213 ditionis
2551 4141 2922 4212 invasores

812 4258 1115 4352 praedae
1172 4259 1553 4347 inhianteS,
1592 4261 1936 4336 exitiosae
1991 4282 2266 4355 semper
2311 4260 2773 4353 ereptoribus,
2812 4262 2923 4332 fa·-

810 4377 1161 4458 miliarum
1200 4383 1505 4460 omnium
1541 4377 2044 4482 Religiosarum
2099 4383 2662 4484 suppressionem
2697 4401 2740 4456 a
2775 4373 2920 4456 Pa-

3277 2124 3284 2167 -
3273 1975 3284 2047 -οη
3273 1882 3284 1925 μ
3269 1757 3284 1803 ⁸-
3271 1635 3284 1683 .-.1
3267 1514 3284 1561 fin!
3268 1396 3284 1441 Δ
3271 1276 3284 1319 ..Ε
3267 1242 3278 1260 Ἴ
3267 1152 3284 1197 -“..
3267 1032 3284 1074 a
3272 909 3284 955 —
3269 788 3284 835 -”-“Ι
3273 669 3280 682 -
