3292 5275
913 434 1064 517 188

910 574 1331 654 nerabilibus
1387 570 1749 650 Fratribus
1805 568 2213 659 NostrisSs
2252 572 2338 650 R.
2372 572 2468 663 E.
2529 572 3036 651 Cardinalibus

907 699 1211 788 negotiis
1249 693 1741 789 propagandae
1778 692 1975 768 Fidei
2034 698 2449 788 praepositis
2516 718 2661 767 rem
2716 718 3041 770 eommu-

907 816 1138 891 nieare
1191 818 1701 891 maturavimus
1732 868 1753 905 ,
1809 818 2271 912 omnibusque
2328 820 2431 899 rei
2501 821 2879 891 momentis
2940 832 3043 891 at-

908 950 1098 1021 tente
1151 938 1630 1023 consideratis,
1688 939 2074 1033 seduloque
2144 938 2541 1031 perpensis,
2598 940 2689 1013 de
2750 960 3045 1013 eorum-

904 1058 1060 1141 dem
1085 1058 1389 1155 ‚consilio
1427 1061 1500 1131 in
1551 1080 1707 1131 eam
1742 1062 2167 1145 senteutiam
2218 1060 2678 1144 devenimus,
2706 1072 2787 1132 ut
2824 1059 3043 1133 istius

905 1174 1170 1272 Synodi
1207 1180 1703 1255 convocandae
1756 1190 1827 1251 et
1866 1179 2209 1273 regendae
2252 1201 2500 1264 munus
2552 1177 2741 1267 Tibi,
2770 1182 3041 1254 dilecte

901 1296 1036 1371 Fili
1073 1293 1350 1384 Noster,
1410 1299 2008 1387 demandaremus‚
2050 1318 2177 1392 pro
2234 1311 2435 1373 certo
2495 1301 2865 1383 habentes,
2924 1312 3041 1389 te,

905 1440 1073 1512 prae
1127 1440 1239 1506 ea,
1298 1440 1434 1513 qua
1487 1419 1558 1489 in
1621 1420 1957 1513 exemplis
2010 1421 2559 1507 commendaris,
2616 1422 3036 1513 prudentia,

904 1540 1280 1632 gravitate,
1337 1542 1685 1627 doctrina,
1744 1542 2050 1615 consiliu
2089 1552 2163 1614 et
2218 1542 2605 1615 catholicae
2636 1536 3037 1635 Religionis

905 1664 1386 1757 provehendae
1441 1662 1674 1736 studio
1729 1660 1795 1732 in
1853 1662 2199 1735 obeundis
2258 1662 2465 1735 huius
2520 1662 2829 1735 muneris
2868 1684 3043 1755 par-

903 1786 1088 1858 tibus
1141 1783 1617 1879 expectationi
1671 1777 1969 1856 Nostrae
2034 1784 2575 1855 cumulatissime
2650 1804 3043 1875 responsu-

905 1927 1080 1978 rum.
1135 1900 1294 1993 Quo
1349 1918 1588 1979 autem
1645 1904 2081 1997 praedictum
2138 1924 2441 1991 munuS,
2500 1904 2797 1988 navius,
2856 1906 3043 1976 niti-

903 2026 1200 2121 diusque
1274 2027 1584 2117 fungaris
1617 2074 1642 2113 ,
1697 2026 1785 2099 de
1864 2031 2410 2100 memoratorum
2498 2020 3041 2096 venerabilium

902 2140 1228 2219 Fratrum
1281 2142 1693 2219 Nostrorum
1746 2147 2068 2230 consilio,
2128 2158 2197 2216 te
2254 2146 2455 2217 hisce
2487 2140 2773 2217 Litteris
2808 2140 3041 2217 Dele-

905 2276 1144 2359 gatum
1181 2263 1656 2359 Apostolicum
1702 2263 1962 2361 Synodi
2020 2266 2519 2341 convocationi
2575 2287 2659 2338 ac
2712 2266 3045 2339 celebra-

909 2385 1084 2461 tioni
1142 2386 1607 2481 perficiendae
1644 2382 2071 2479 Apostqiiea,
2104 2384 2361 2481 Nostra
2426 2388 2837 2459 auctoritate
2898 2390 3045 2461 eli-

905 2508 1160 2602 gimus,
1202 2510 1691 2599 constituimus,
1718 2530 1815 2599 ac,
1850 2511 2341 2603 renunciamus
2373 2504 2735 2605 31Tibique
2774 2509 3039 2583 idcirco

905 2630 1214 2722 singulas
1247 2679 1267 2716 ,
1322 2630 1826 2722 universasque
1886 2630 2261 2703 facultates
2313 2631 2747 2704 necessarias
2814 2643 3035 2724 atque

905 2763 1332 2844 opportunas
1385 2751 1795 2839 deferimus,
1860 2752 2237 2824 tribuimus
2296 2763 2505 2845 atque
2560 2749 3033 2842 impertimus.

905 2865 1094 2959 Quae
1149 2895 1308 2947 cum
1361 2873 1457 2943 ita
1523 2873 1663 2942 sint
1727 2883 1924 2943 tuum
2000 2873 2137 2942 erit
2212 2873 2655 2964 potissimum
2710 2883 2869 2944 tum
2924 2869 3041 2942 in-

900 2994 1326 3068 structiones
1411 3013 1446 3064 a
1519 2995 1987 3085 praefatorum
2084 2988 2607 3068 venerabilium
2692 2987 3033 3065 Fratrum

903 3108 1322 3188 Nostrorum
1375 3109 1933 3205 Congregatione
2009 3133 2135 3206 pro
2200 3110 2475 3207 Synodi
2546 3113 3033 3186 celebratione

905 3234 1192 3309 traditas
1230 3255 1450 3329 aeque
1487 3257 1570 3310 ae
1599 3231 1896 3310 Decreta
1937 3245 2011 3306 et
2038 3231 2403 3328 Rescripta
2442 3235 2529 3306 ab
2566 3235 2697 3306 hac
2738 3229 2814 3304 S.
2846 3229 3035 3306 Sede

907 3351 1338 3447 Apostolica,
1363 3357 1481 3429 vel
1507 3379 1548 3429 a
1575 3357 1767 3432 dicta
1791 3353 2347 3451 Congregatione
2378 3357 2551 3430 alias
2588 3354 2809 3441 edita,
2836 3375 3039 3446 prae-

907 3477 1156 3550 sertim
1208 3499 1334 3569 pro
1389 3479 1830 3568 gravioribus
1888 3479 2181 3572 negotiis
2226 3477 2424 3552 istius
2482 3474 2819 3567 regionis,
2860 3497 3037 3550 exe-

905 3597 1186 3691 quenda
1238 3617 1535 3684 curare;
1591 3607 1743 3673 tum
1798 3599 2081 3672 studere
2130 3608 2210 3672 ut
2256 3599 2623 3689 disciplina
2682 3598 3033 3672 eiusmodi

907 3719 984 3790 in
1037 3717 1234 3808 praxi
1291 3720 1636 3792 servanda
1690 3719 2123 3805 admittatur,
2162 3738 2342 3813 quae
2390 3720 2489 3792 sit
2520 3729 2594 3791 et
2631 3721 3033 3810 suprascri-

905 3837 1039 3932 ptis
1068 3839 1364 3914 decretis
1393 3851 1893 3926 consentanea,
1926 3853 1997 3914 et
2028 3841 2575 3918 uniformitatem
2613 3860 2737 3929 per
2778 3861 3023 3912 omnes

907 3960 1306 4054 provincias
1361 3979 1452 4036 ac,
1491 3961 1849 4036 dioeceses
1906 3962 2209 4036 inducat.
2268 3957 2489 4034 Porro
2566 3959 2897 4033 volumus
2950 3973 3027 4033 ut

907 4075 1172 4174 Sy'nodi
1223 4095 1382 4156 acta
1434 4094 1508 4155 et
1541 4093 1799 4156 statuta
1830 4083 1917 4156 ad
1952 4080 2282 4158 Sanctam
2320 4083 2503 4156 hanc
2540 4077 2795 4156 Sedem
2834 4080 3031 4176 Apo—

909 4202 1244 4276 stolieam-
1287 4202 1817 4278 transmittenda
1872 4221 2106 4288 cures,
2164 4216 2243 4279 ut
2294 4205 2589 4276 examini
2644 4204 3027 4278 subiician-

911 4331 1171 4410 tur,··ac
1212 4325 1272 4398 si
1309 4325 1548 4402 visum
1585 4328 1800 4402 fuerit
1840 4338 2335 4422 opportunum,
2374 4321 2659 4414 Nostra,
2698 4337 2825 4400 aut
2850 4321 3009 4402 Suc·
