3292 5275
887 460 1048 542 300

1095 598 1340 696 Itaque
1377 601 1580 675 civile
1611 597 2053 676 Gubernium
2110 605 2245 675 sibi
2302 617 2591 696 arrogat
2646 616 2793 678 tum
2832 605 3021 680 iudi-

883 723 1072 796 cium
1109 745 1189 796 ac
1228 723 1518 815 proinde
1575 724 2071 816 magisterium
2132 725 2219 796 de
2256 727 2761 799 constitutione
2796 739 2871 800 et
2910 730 3021 800 iu-

881 842 1067 914 ribus
1123 839 1480 917 Ecclesiae
1535 844 1943 932 catholicae,
2012 854 2175 917 tum
2230 867 2636 938 supremum
2698 849 3023 921 eiusdem

883 966 1219 1056 regimen,
1246 965 1435 1059 quod
1475 968 1727 1058 partim
1784 987 1909 1058 per
1965 987 2057 1038 se
2102 967 2329 1058 ipsum
2366 969 2511 1040 suis
2551 969 2820 1060 legibus
2860 993 3023 1044 sua·
3086 975 3095 984 ’

879 1109 1014 1181 que
1051 1087 1358 1172 actione,
1393 1087 1646 1179 partim
1685 1108 1809 1178 per
1848 1088 2389 1161 ecclesiasticos
2427 1090 2621 1162 viros
2660 1089 2791 1162 sihi
2816 1111 3023 1163 man·

879 1207 1144 1300 cipatos
1196 1220 1536 1280 exerceat.
1593 1204 1755 1296 Quo
1808 1209 1915 1294 fit,
1950 1222 2029 1282 ut
2066 1210 2394 1301 potestati
2450 1233 2700 1284 sacrae
2762 1213 2855 1283 ad
2898 1235 3017 1286 re-

883 1329 1179 1420 gendam
1211 1307 1630 1416 Ecclesiam,
1666 1329 1757 1400 ad
1812 1351 1991 1422 opus
2045 1329 2409 1402 ministerii
2450 1343 2667 1424 atque
2706 1332 2795 1402 ad
2828 1333 3023 1405 aedi-

881 1449 1283 1522 ficationem
1337 1449 1656 1542 corporis
1739 1446 2002 1523 Christi
2065 1451 2411 1526 divinitus
2466 1453 2829 1524 institutae
2908 1475 3025 1524 ar·-

881 1570 1171 1644 bitrium
1227 1579 1298 1641 et
1363 1572 1476 1642 vis
1547 1571 1967 1663 subrogetur
2046 1572 2306 1642 terreni
2392 1570 2695 1665 imperii.
2753 1568 3023 1646 Contra

880 1689 1276 1762 huiusmodi
1333 1711 1702 1764 sacrorum
1758 1693 2258 1786 usurpationes
2315 1714 2443 1785 pro
2498 1693 2647 1762 iure
2702 1704 2777 1764 et
2830 1695 3020 1766 veri-

887 1821 1034 1884 tate
1077 1810 1425 1882 catholica
1466 1812 1847 1906 respondet
1884 1833 2177 1904 magnus
2214 1808 2625 1885 Ambrosius
2658 1835 2677 1883 ε
2746 1837 2783 1882 α
2826 1810 3021 1886 Alle-

881 1939 1110 2022 gatur,
1168 1932 1576 2022 imperatori
1632 1930 1847 2006 licere
1901 1935 2171 2016 omnia,
2202 1933 2423 2028 ipsius
2460 1954 2613 2006 esse
2651 1934 3017 2007 universa.

880 2045 1345 2142 Respondeo:
1405 2051 1546 2125 noli
1601 2063 1673 2124 te
1732 2073 2025 2144 gravare
2084 2066 2165 2127 ut
2206 2065 2413 2147 putes
2453 2063 2523 2126 te
2566 2056 2641 2126 in
2680 2075 2795 2138 ea,
2834 2076 3019 2148 quae

880 2169 1118 2243 divina
1175 2182 1338 2243 sunt
1376 2220 1396 2257 ,
1454 2170 1812 2264 imperiale
1868 2175 2148 2268 aliquod
2206 2175 2321 2250 ius
2372 2175 2664 2250 babere.
2725 2171 2891 2249 Noli
2952 2189 3023 2250 te

879 2293 1248 2380 extollere,
1290 2292 1414 2366 sed
1443 2305 1593 2366 esto
1633 2289 1785 2366 Deo
1826 2295 2170 2368 subditus.
2212 2293 2573 2389 Scriptum
2614 2309 2785 2369 est:
2828 2319 3027 2390 quae

879 2407 1042 2500 Dei,
1095 2409 1302 2502 De03
1355 2435 1535 2508 quae
1591 2410 1947 2498 Caesaris,
2000 2413 2318 2490 Caesari.
2352 2413 2469 2488 Ad·
2518 2418 3029 2510 imperatorem

878 2533 1128 2626 palatia
1183 2535 1564 2627 pertinent,
1625 2535 1715 2606 ad
1770 2537 2209 2611 sacerdotem
2264 2531 2638 2610 Ecclesiae
2683 2561 2717 2606 ιι
2764 2528 2839 2639 (1
2860 2535 2917 2636 ).

1089 2651 1294 2743 Quod
1351 2678 1524 2733 vero
1583 2657 1671 2729 ad
1728 2658 1919 2750 ipsas
1974 2658 2159 2751 leges
2218 2660 2492 2747 attinet,
2550 2660 2810 2752 quibus
2872 2682 3031 2731 me-

877 2786 1149 2849 morata
1203 2770 1623 2851 Marivm-um
1700 2778 2040 2871 exposit-io
2115 2778 2521 2872 praeligitur
2553 2828 2575 2865 ,
2644 2778 2809 2851 licet
2892 2802 3027 2853 eae

881 2900 1189 2991 speciem
1255 2899 1553 2993 aliquam
1615 2899 2121 2975 moderationis
2198 2903 2631 2995 praeseferre
2708 2904 3028 2975 fortasse

877 3019 1284 3105 videantur,
1318 3022 1378 3091 si
1417 3041 1580 3093 cum
1617 3023 2023 3095 novissimis
2082 3018 2472 3095 Borussicis
2510 3023 2785 3113 legibus
2819 3044 3031 3097 com-

879 3151 1241 3233 parentur,
1285 3162 1360 3213 re
1399 3150 1635 3215 tamen
1676 3164 1847 3215 vera
1886 3142 2207 3216 eiusdem
2264 3145 2561 3217 rationis
2618 3152 2689 3213 et
2750 3144 3029 3217 indolis

879 3273 1072 3343 sunt,
1127 3262 1576 3356 eamdemque
1632 3258 2037 3337 Catholicae
2094 3260 2463 3337 Ecclesiae
2521 3264 2595 3333 in
2624 3258 3029 3338 Austriaca

877 3382 1142 3457 ditione
1197 3394 1446 3477 parant
1501 3383 1905 3477 perniciem.

1085 3500 1422 3579 Nolumus
1479 3504 1743 3597 singula
1801 3507 2206 3583 carumdem
2261 3508 2493 3599 legum
2548 3506 2789 3599 capita
2848 3529 3033 3599 pro-

879 3625 1132 3721 sequi3
1185 3648 1436 3701 verum
1489 3625 1772 3699 silentio
1834 3631 2221 3721 praeterire
2276 3628 2467 3701 nullo
2502 3628 2714 3701 modo
2756 3649 3032 3720 possu-

873 3769 1032 3821 mus
1088 3747 1572 3840 gravissimam
1627 3750 1989 3835 iniuriam,
2032 3772 2211 3843 quae
2269 3754 2423 3843 ipsa
2468 3750 2711 3823 harum
2770 3751 3027 3841 legum

878 3869 1354 3965 propositione
1409 3870 1707 3943 infertur
1760 3866 1969 3945 Nobis
2026 3871 2188 3965 ipsis
2226 3883 2299 3944 et
2352 3871 2515 3945 huic
2554 3868 3027 3962 Apostolicae

877 3988 1068 4076 Sedi,
1124 4012 1256 4063 nec
1311 3990 1540 4065 minus
1606 3993 1840 4079 vohis,
1902 3989 2155 4065 Dilecti
2214 3988 2391 4063 Filii·
2432 3986 2672 4063 Nostri
2730 4002 2805 4063 et
2872 3986 3031 4063 Ve-

877 4112 1229 4187 nerabiles
1257 4108 1568 4201 FratreS,
1599 4134 1681 4186 ac
1736 4112 1867 4185 toti
1925 4095 2181 4207 populo
2210 4109 2576 4187 Catholico
2624 4110 2829 4183 istius
2866 4108 3029 4213 Im-

1037 4370 1120 4459 (1)
1161 4372 1228 4440 S.
1276 4373 1502 4439 Ambr.
1547 4392 1651 4457 ep.
1681 4368 1786 4455 20,
1827 4393 1892 4439 n.
1914 4371 2017 4441 19.
