<?xml version="1.0" encoding="UTF-8"?>
<!DOCTYPE html PUBLIC "-//W3C//DTD XHTML 1.0 Transitional//EN"
    "http://www.w3.org/TR/xhtml1/DTD/xhtml1-transitional.dtd">
<html xmlns="http://www.w3.org/1999/xhtml" xml:lang="en" lang="en">
 <head>
  <title>
</title>
<meta http-equiv="Content-Type" content="text/html;charset=utf-8" />
  <meta name='ocr-system' content='tesseract 3.04.00' />
  <meta name='ocr-capabilities' content='ocr_page ocr_carea ocr_par ocr_line ocrx_word'/>
</head>
<body>
  <div class='ocr_page' id='page_1' title='image "./piiixpontificis01ixgoog_0163.png"; bbox 0 0 3292 5275; ppageno 0'>
   <div class='ocr_carea' id='block_1_1' title="bbox 2220 496 2368 579">
    <p class='ocr_par' dir='ltr' id='par_1_1' title="bbox 2220 496 2368 579">
     <span class='ocr_line' id='line_1_1' title="bbox 2220 496 2368 579; baseline 0 0"><span class='ocrx_word' id='word_1_1' title='bbox 2220 496 2368 579; x_wconf 72' lang='lat'><strong>157</strong></span> 
     </span>
    </p>
   </div>
   <div class='ocr_carea' id='block_1_2' title="bbox 256 642 2517 4357">
    <p class='ocr_par' dir='ltr' id='par_1_2' title="bbox 256 642 2532 4357">
     <span class='ocr_line' id='line_1_2' title="bbox 257 642 2376 741; baseline -0.004 -20"><span class='ocrx_word' id='word_1_2' title='bbox 257 648 525 741; x_wconf 82' lang='lat' dir='ltr'><strong>busque</strong></span> <span class='ocrx_word' id='word_1_3' title='bbox 578 656 851 721; x_wconf 78' lang='lat' dir='ltr'><strong>attente</strong></span> <span class='ocrx_word' id='word_1_4' title='bbox 906 644 1269 737; x_wconf 77' lang='lat' dir='ltr'><strong>perpensis</strong></span> <span class='ocrx_word' id='word_1_5' title='bbox 1324 642 1678 715; x_wconf 81' lang='lat' dir='ltr'><strong>rationum</strong></span> <span class='ocrx_word' id='word_1_6' title='bbox 1731 642 2136 721; x_wconf 73' lang='lat' dir='ltr'><strong>metuentis,</strong></span> <span class='ocrx_word' id='word_1_7' title='bbox 2189 662 2376 735; x_wconf 84' lang='lat' dir='ltr'><strong>quae</strong></span> 
     </span>
     <span class='ocr_line' id='line_1_3' title="bbox 256 757 2378 860; baseline -0.003 -19"><span class='ocrx_word' id='word_1_8' title='bbox 256 768 435 841; x_wconf 73' lang='lat' dir='ltr'><strong>iarn</strong></span> <span class='ocrx_word' id='word_1_9' title='bbox 490 767 754 860; x_wconf 82' lang='lat' dir='ltr'><strong>scripta</strong></span> <span class='ocrx_word' id='word_1_10' title='bbox 826 778 993 839; x_wconf 83' lang='lat' dir='ltr'><strong>sunt</strong></span> <span class='ocrx_word' id='word_1_11' title='bbox 1073 764 1549 839; x_wconf 69' lang='lat' dir='ltr'><strong>decrevimus.</strong></span> <span class='ocrx_word' id='word_1_12' title='bbox 1604 757 1810 851; x_wconf 82' lang='lat' dir='ltr'><strong>Quae</strong></span> <span class='ocrx_word' id='word_1_13' title='bbox 1859 782 2034 833; x_wconf 84' lang='lat' dir='ltr'><strong>cum</strong></span> <span class='ocrx_word' id='word_1_14' title='bbox 2075 762 2178 834; x_wconf 72' lang='lat' dir='ltr'><strong>ita</strong></span> <span class='ocrx_word' id='word_1_15' title='bbox 2228 762 2378 834; x_wconf 68' lang='lat' dir='ltr'><strong>sint</strong></span> 
     </span>
     <span class='ocr_line' id='line_1_4' title="bbox 256 879 2381 975; baseline -0.002 -16"><span class='ocrx_word' id='word_1_16' title='bbox 256 888 345 959; x_wconf 89' lang='lat' dir='ltr'><strong>de</strong></span> <span class='ocrx_word' id='word_1_17' title='bbox 400 886 805 958; x_wconf 89' lang='lat' dir='ltr'><strong>corumdem</strong></span> <span class='ocrx_word' id='word_1_18' title='bbox 862 884 1183 967; x_wconf 87' lang='lat' dir='ltr'><strong>consilio,</strong></span> <span class='ocrx_word' id='word_1_19' title='bbox 1242 894 1438 955; x_wconf 85' lang='lat' dir='ltr'><strong>certa</strong></span> <span class='ocrx_word' id='word_1_20' title='bbox 1476 880 1764 955; x_wconf 85' lang='lat' dir='ltr'><strong>scientia</strong></span> <span class='ocrx_word' id='word_1_21' title='bbox 1818 879 2202 975; x_wconf 84' lang='lat' dir='ltr'><strong>sedulaque</strong></span> <span class='ocrx_word' id='word_1_22' title='bbox 2253 880 2381 955; x_wconf 74' lang='lat' dir='ltr'><strong>deu</strong></span> 
     </span>
     <span class='ocr_line' id='line_1_5' title="bbox 258 995 2381 1096; baseline -0.003 -17"><span class='ocrx_word' id='word_1_23' title='bbox 258 1006 667 1080; x_wconf 78' lang='lat' dir='ltr'><strong>liberatione</strong></span> <span class='ocrx_word' id='word_1_24' title='bbox 702 1052 725 1091; x_wconf 96' lang='lat'><strong>,</strong></span> <span class='ocrx_word' id='word_1_25' title='bbox 802 1016 1260 1079; x_wconf 79' lang='lat' dir='ltr'><strong>memoratam</strong></span> <span class='ocrx_word' id='word_1_26' title='bbox 1336 1002 1778 1096; x_wconf 80' lang='lat' dir='ltr'><strong>provinciam</strong></span> <span class='ocrx_word' id='word_1_27' title='bbox 1842 995 2381 1090; x_wconf 74' lang='lat' dir='ltr'><strong>Quebecensem</strong></span> 
     </span>
     <span class='ocr_line' id='line_1_6' title="bbox 262 1116 2382 1221; baseline -0.002 -22"><span class='ocrx_word' id='word_1_28' title='bbox 262 1128 337 1200; x_wconf 89' lang='lat' dir='ltr'><strong>in</strong></span> <span class='ocrx_word' id='word_1_29' title='bbox 390 1127 573 1201; x_wconf 85' lang='lat' dir='ltr'><strong>duas</strong></span> <span class='ocrx_word' id='word_1_30' title='bbox 602 1175 625 1211; x_wconf 88' lang='lat'><strong>,</strong></span> <span class='ocrx_word' id='word_1_31' title='bbox 680 1138 806 1221; x_wconf 75' lang='lat' dir='ltr'><strong>pm</strong></span> <span class='ocrx_word' id='word_1_32' title='bbox 872 1134 1055 1201; x_wconf 79' lang='lat' dir='ltr'><strong>minc</strong></span> <span class='ocrx_word' id='word_1_33' title='bbox 1088 1169 1111 1210; x_wconf 78' lang='lat'><strong>,</strong></span> <span class='ocrx_word' id='word_1_34' title='bbox 1170 1120 1614 1197; x_wconf 82' lang='lat' dir='ltr'><strong>Auctoritale</strong></span> <span class='ocrx_word' id='word_1_35' title='bbox 1669 1116 1926 1195; x_wconf 79' lang='lat' dir='ltr'><strong>Nostra</strong></span> <span class='ocrx_word' id='word_1_36' title='bbox 1977 1116 2382 1216; x_wconf 77' lang='lat' dir='ltr'><strong>Apostolioa</strong></span> 
     </span>
     <span class='ocr_line' id='line_1_7' title="bbox 267 1244 2386 1341; baseline -0.004 -21"><span class='ocrx_word' id='word_1_37' title='bbox 267 1259 511 1320; x_wconf 90' lang='lat' dir='ltr'><strong>tenore</strong></span> <span class='ocrx_word' id='word_1_38' title='bbox 569 1246 1035 1341; x_wconf 74' lang='lat' dir='ltr'><strong>praesentiu-</strong></span> <span class='ocrx_word' id='word_1_39' title='bbox 1090 1245 1469 1339; x_wconf 71' lang='lat' dir='ltr'><strong>partimur3</strong></span> <span class='ocrx_word' id='word_1_40' title='bbox 1508 1254 1810 1338; x_wconf 79' lang='lat' dir='ltr'><strong>quarum</strong></span> <span class='ocrx_word' id='word_1_41' title='bbox 1853 1244 2076 1316; x_wconf 72' lang='lat' dir='ltr'><strong>altera</strong></span> <span class='ocrx_word' id='word_1_42' title='bbox 2133 1262 2386 1314; x_wconf 89' lang='lat' dir='ltr'><strong>nomen</strong></span> 
     </span>
     <span class='ocr_line' id='line_1_8' title="bbox 266 1362 2390 1462; baseline -0.001 -22"><span class='ocrx_word' id='word_1_43' title='bbox 266 1366 675 1462; x_wconf 80' lang='lat' dir='ltr'><strong>provinciae</strong></span> <span class='ocrx_word' id='word_1_44' title='bbox 730 1362 1211 1455; x_wconf 85' lang='lat' dir='ltr'><strong>Quebeeensis</strong></span> <span class='ocrx_word' id='word_1_45' title='bbox 1250 1365 1587 1449; x_wconf 89' lang='lat' dir='ltr'><strong>retinens,</strong></span> <span class='ocrx_word' id='word_1_46' title='bbox 1628 1376 1702 1438; x_wconf 89' lang='lat' dir='ltr'><strong>et</strong></span> <span class='ocrx_word' id='word_1_47' title='bbox 1756 1366 1938 1437; x_wconf 86' lang='lat' dir='ltr'><strong>hanc</strong></span> <span class='ocrx_word' id='word_1_48' title='bbox 1993 1364 2228 1436; x_wconf 88' lang='lat' dir='ltr'><strong>sedem</strong></span> <span class='ocrx_word' id='word_1_49' title='bbox 2264 1365 2390 1437; x_wconf 89' lang='lat' dir='ltr'><strong>ha-</strong></span> 
     </span>
     <span class='ocr_line' id='line_1_9' title="bbox 268 1480 2385 1582; baseline -0.002 -21"><span class='ocrx_word' id='word_1_50' title='bbox 268 1490 437 1561; x_wconf 86' lang='lat' dir='ltr'><strong>bens</strong></span> <span class='ocrx_word' id='word_1_51' title='bbox 475 1508 603 1582; x_wconf 86' lang='lat' dir='ltr'><strong>pro</strong></span> <span class='ocrx_word' id='word_1_52' title='bbox 638 1482 1034 1579; x_wconf 66' lang='lat' dir='ltr'><strong>Metropolis</strong></span> <span class='ocrx_word' id='word_1_53' title='bbox 1087 1480 1814 1579; x_wconf 81' lang='lat' dir='ltr'><strong>Marianopolitanam,</strong></span> <span class='ocrx_word' id='word_1_54' title='bbox 1873 1480 2385 1572; x_wconf 81' lang='lat' dir='ltr'><strong>Attaviensem,</strong></span> 
     </span>
     <span class='ocr_line' id='line_1_10' title="bbox 272 1601 2390 1700; baseline -0 -19"><span class='ocrx_word' id='word_1_55' title='bbox 272 1605 815 1690; x_wconf 80' lang='lat' dir='ltr'><strong>Trifulvianam,</strong></span> <span class='ocrx_word' id='word_1_56' title='bbox 871 1604 1107 1681; x_wconf 79' lang='lat' dir='ltr'><strong>Sancti</strong></span> <span class='ocrx_word' id='word_1_57' title='bbox 1156 1603 1562 1700; x_wconf 75' lang='lat' dir='ltr'>Hyacinthi,</span> <span class='ocrx_word' id='word_1_58' title='bbox 1603 1602 1844 1679; x_wconf 88' lang='lat' dir='ltr'><strong>Sancti</strong></span> <span class='ocrx_word' id='word_1_59' title='bbox 1899 1601 2277 1689; x_wconf 81' lang='lat' dir='ltr'><strong>Bonifacii,</strong></span> <span class='ocrx_word' id='word_1_60' title='bbox 2316 1618 2390 1681; x_wconf 89' lang='lat' dir='ltr'><strong>et</strong></span> 
     </span>
     <span class='ocr_line' id='line_1_11' title="bbox 272 1724 2396 1822; baseline -0 -19"><span class='ocrx_word' id='word_1_61' title='bbox 272 1726 517 1803; x_wconf 81' lang='lat' dir='ltr'><strong>Sancti</strong></span> <span class='ocrx_word' id='word_1_62' title='bbox 568 1726 905 1804; x_wconf 78' lang='lat' dir='ltr'><strong>Germani</strong></span> <span class='ocrx_word' id='word_1_63' title='bbox 958 1730 1347 1814; x_wconf 82' lang='lat' dir='ltr'><strong>dioeceses,</strong></span> <span class='ocrx_word' id='word_1_64' title='bbox 1384 1747 1521 1801; x_wconf 88' lang='lat' dir='ltr'><strong>nec</strong></span> <span class='ocrx_word' id='word_1_65' title='bbox 1576 1750 1708 1802; x_wconf 91' lang='lat' dir='ltr'><strong>non</strong></span> <span class='ocrx_word' id='word_1_66' title='bbox 1745 1724 2146 1801; x_wconf 70' lang='lat' dir='ltr'><strong>vicariatus</strong></span> <span class='ocrx_word' id='word_1_67' title='bbox 2203 1725 2396 1822; x_wconf 87' lang='lat' dir='ltr'><strong>Apo-</strong></span> 
     </span>
     <span class='ocr_line' id='line_1_12' title="bbox 276 1846 2392 1944; baseline 0 -21"><span class='ocrx_word' id='word_1_68' title='bbox 276 1852 567 1924; x_wconf 89' lang='lat' dir='ltr'><strong>stolicos</strong></span> <span class='ocrx_word' id='word_1_69' title='bbox 616 1846 1025 1925; x_wconf 89' lang='lat' dir='ltr'><strong>Columbiae</strong></span> <span class='ocrx_word' id='word_1_70' title='bbox 1070 1846 1551 1934; x_wconf 77' lang='lat' dir='ltr'><strong>Britannicae,</strong></span> <span class='ocrx_word' id='word_1_71' title='bbox 1610 1862 1684 1923; x_wconf 85' lang='lat' dir='ltr'><strong>et</strong></span> <span class='ocrx_word' id='word_1_72' title='bbox 1736 1850 1860 1944; x_wconf 90' lang='lat' dir='ltr'><strong>qui</strong></span> <span class='ocrx_word' id='word_1_73' title='bbox 1919 1850 2129 1941; x_wconf 79' lang='lat' dir='ltr'><strong>vulgo</strong></span> <span class='ocrx_word' id='word_1_74' title='bbox 2183 1849 2268 1921; x_wconf 90' lang='lat' dir='ltr'><strong>de</strong></span> <span class='ocrx_word' id='word_1_75' title='bbox 2325 1851 2392 1925; x_wconf 89' lang='lat' dir='ltr'><strong>la</strong></span> 
     </span>
     <span class='ocr_line' id='line_1_13' title="bbox 276 1965 2398 2064; baseline 0 -22"><span class='ocrx_word' id='word_1_76' title='bbox 276 1966 571 2043; x_wconf 82' lang='lat' dir='ltr'><strong>Riviere</strong></span> <span class='ocrx_word' id='word_1_77' title='bbox 627 1965 1039 2044; x_wconf 82' lang='lat' dir='ltr'><strong>Mackenzie</strong></span> <span class='ocrx_word' id='word_1_78' title='bbox 1092 1972 1526 2055; x_wconf 89' lang='lat' dir='ltr'><strong>nominatur,</strong></span> <span class='ocrx_word' id='word_1_79' title='bbox 1584 1969 2130 2064; x_wconf 85' lang='lat' dir='ltr'><strong>comprehendat</strong></span> <span class='ocrx_word' id='word_1_80' title='bbox 2152 1990 2180 2059; x_wconf 83' lang='lat'>3</span> <span class='ocrx_word' id='word_1_81' title='bbox 2233 1972 2398 2043; x_wconf 87' lang='lat' dir='ltr'><strong>alte-</strong></span> 
     </span>
     <span class='ocr_line' id='line_1_14' title="bbox 282 2085 2397 2185; baseline -0 -20"><span class='ocrx_word' id='word_1_82' title='bbox 282 2113 359 2165; x_wconf 90' lang='lat' dir='ltr'><strong>ra</strong></span> <span class='ocrx_word' id='word_1_83' title='bbox 419 2086 1017 2165; x_wconf 90' lang='lat' dir='ltr'><strong>Toruntinensem</strong></span> <span class='ocrx_word' id='word_1_84' title='bbox 1070 2088 1460 2165; x_wconf 79' lang='lat' dir='ltr'><strong>Ecclesiam</strong></span> <span class='ocrx_word' id='word_1_85' title='bbox 1518 2102 1868 2185; x_wconf 89' lang='lat' dir='ltr'><strong>tamquam</strong></span> <span class='ocrx_word' id='word_1_86' title='bbox 1924 2085 2397 2183; x_wconf 68' lang='lat' dir='ltr'><strong>Metropolim</strong></span> 
     </span>
     <span class='ocr_line' id='line_1_15' title="bbox 282 2206 2402 2307; baseline 0 -22"><span class='ocrx_word' id='word_1_87' title='bbox 282 2224 504 2307; x_wconf 88' lang='lat' dir='ltr'><strong>atque</strong></span> <span class='ocrx_word' id='word_1_88' title='bbox 540 2208 917 2286; x_wconf 90' lang='lat' dir='ltr'><strong>Dioeceses</strong></span> <span class='ocrx_word' id='word_1_89' title='bbox 970 2208 1605 2304; x_wconf 79' lang='lat' dir='ltr'><strong>Kingstonienscm,</strong></span> <span class='ocrx_word' id='word_1_90' title='bbox 1660 2206 2286 2300; x_wconf 88' lang='lat' dir='ltr'><strong>Hamiltonensem,</strong></span> <span class='ocrx_word' id='word_1_91' title='bbox 2329 2224 2402 2285; x_wconf 87' lang='lat' dir='ltr'><strong>et</strong></span> 
     </span>
     <span class='ocr_line' id='line_1_16' title="bbox 284 2328 2396 2426; baseline 0.001 -21"><span class='ocrx_word' id='word_1_92' title='bbox 284 2328 908 2418; x_wconf 82' lang='lat' dir='ltr'><strong>Sandovicensem,</strong></span> <span class='ocrx_word' id='word_1_93' title='bbox 950 2343 1305 2426; x_wconf 86' lang='lat' dir='ltr'><strong>tamquam</strong></span> <span class='ocrx_word' id='word_1_94' title='bbox 1342 2330 1814 2423; x_wconf 76' lang='lat' dir='ltr'><strong>suffraganeas</strong></span> <span class='ocrx_word' id='word_1_95' title='bbox 1870 2333 2396 2425; x_wconf 82' lang='lat' dir='ltr'><strong>complectatur.</strong></span> 
     </span>
     <span class='ocr_line' id='line_1_17' title="bbox 284 2447 2404 2541; baseline 0.001 -16"><span class='ocrx_word' id='word_1_96' title='bbox 284 2447 477 2525; x_wconf 85' lang='lat' dir='ltr'><strong>Haec</strong></span> <span class='ocrx_word' id='word_1_97' title='bbox 562 2454 941 2528; x_wconf 81' lang='lat' dir='ltr'><strong>statuimus</strong></span> <span class='ocrx_word' id='word_1_98' title='bbox 967 2502 987 2539; x_wconf 94' lang='lat'><strong>,</strong></span> <span class='ocrx_word' id='word_1_99' title='bbox 1042 2452 1455 2526; x_wconf 87' lang='lat' dir='ltr'><strong>mandamus</strong></span> <span class='ocrx_word' id='word_1_100' title='bbox 1484 2504 1507 2541; x_wconf 90' lang='lat'><strong>,</strong></span> <span class='ocrx_word' id='word_1_101' title='bbox 1562 2452 1902 2525; x_wconf 83' lang='lat' dir='ltr'><strong>edicimus</strong></span> <span class='ocrx_word' id='word_1_102' title='bbox 1954 2451 2404 2527; x_wconf 81' lang='lat' dir='ltr'><strong>decernentes</strong></span> 
     </span>
     <span class='ocr_line' id='line_1_18' title="bbox 288 2566 2406 2668; baseline 0.001 -23"><span class='ocrx_word' id='word_1_103' title='bbox 288 2584 699 2668; x_wconf 83' lang='lat' dir='ltr'><strong>praesentes</strong></span> <span class='ocrx_word' id='word_1_104' title='bbox 754 2566 1043 2646; x_wconf 88' lang='lat' dir='ltr'><strong>Nostras</strong></span> <span class='ocrx_word' id='word_1_105' title='bbox 1098 2568 1403 2646; x_wconf 85' lang='lat' dir='ltr'><strong>Litteras</strong></span> <span class='ocrx_word' id='word_1_106' title='bbox 1458 2571 1744 2660; x_wconf 86' lang='lat' dir='ltr'><strong>firmas,</strong></span> <span class='ocrx_word' id='word_1_107' title='bbox 1798 2570 2070 2646; x_wconf 80' lang='lat' dir='ltr'><strong>validas</strong></span> <span class='ocrx_word' id='word_1_108' title='bbox 2125 2584 2198 2646; x_wconf 83' lang='lat' dir='ltr'><strong>ct</strong></span> <span class='ocrx_word' id='word_1_109' title='bbox 2254 2572 2406 2648; x_wconf 83' lang='lat' dir='ltr'><strong>effi-</strong></span> 
     </span>
     <span class='ocr_line' id='line_1_19' title="bbox 288 2692 2405 2788; baseline 0 -20"><span class='ocrx_word' id='word_1_110' title='bbox 288 2715 493 2768; x_wconf 85' lang='lat' dir='ltr'><strong>caces</strong></span> <span class='ocrx_word' id='word_1_111' title='bbox 548 2695 849 2768; x_wconf 84' lang='lat' dir='ltr'><strong>existere</strong></span> <span class='ocrx_word' id='word_1_112' title='bbox 886 2703 963 2766; x_wconf 88' lang='lat' dir='ltr'><strong>et</strong></span> <span class='ocrx_word' id='word_1_113' title='bbox 999 2695 1182 2783; x_wconf 77' lang='lat' dir='ltr'><strong>fore,</strong></span> <span class='ocrx_word' id='word_1_114' title='bbox 1216 2714 1517 2788; x_wconf 86' lang='lat' dir='ltr'><strong>suosque</strong></span> <span class='ocrx_word' id='word_1_115' title='bbox 1573 2692 1924 2786; x_wconf 89' lang='lat' dir='ltr'><strong>plenarios</strong></span> <span class='ocrx_word' id='word_1_116' title='bbox 1970 2705 2044 2766; x_wconf 86' lang='lat' dir='ltr'><strong>et</strong></span> <span class='ocrx_word' id='word_1_117' title='bbox 2097 2695 2405 2787; x_wconf 82' lang='lat' dir='ltr'><strong>integros</strong></span> 
     </span>
     <span class='ocr_line' id='line_1_20' title="bbox 288 2813 2408 2912; baseline 0 -22"><span class='ocrx_word' id='word_1_118' title='bbox 288 2814 591 2890; x_wconf 78' lang='lat' dir='ltr'><strong>effectus</strong></span> <span class='ocrx_word' id='word_1_119' title='bbox 647 2813 879 2897; x_wconf 81' lang='lat' dir='ltr'><strong>sortiri</strong></span> <span class='ocrx_word' id='word_1_120' title='bbox 932 2825 1007 2887; x_wconf 89' lang='lat' dir='ltr'><strong>et</strong></span> <span class='ocrx_word' id='word_1_121' title='bbox 1062 2813 1405 2900; x_wconf 89' lang='lat' dir='ltr'><strong>obtinere,</strong></span> <span class='ocrx_word' id='word_1_122' title='bbox 1444 2837 1525 2887; x_wconf 93' lang='lat' dir='ltr'><strong>ac</strong></span> <span class='ocrx_word' id='word_1_123' title='bbox 1562 2814 1704 2886; x_wconf 88' lang='lat' dir='ltr'><strong>illis</strong></span> <span class='ocrx_word' id='word_1_124' title='bbox 1769 2813 1856 2886; x_wconf 87' lang='lat' dir='ltr'><strong>ad</strong></span> <span class='ocrx_word' id='word_1_125' title='bbox 1912 2835 2087 2910; x_wconf 88' lang='lat' dir='ltr'><strong>quos</strong></span> <span class='ocrx_word' id='word_1_126' title='bbox 2139 2825 2408 2912; x_wconf 83' lang='lat' dir='ltr'><strong>spectat</strong></span> 
     </span>
     <span class='ocr_line' id='line_1_21' title="bbox 290 2933 2408 3030; baseline 0.001 -20"><span class='ocrx_word' id='word_1_127' title='bbox 290 2947 367 3010; x_wconf 86' lang='lat' dir='ltr'><strong>et</strong></span> <span class='ocrx_word' id='word_1_128' title='bbox 420 2957 551 3030; x_wconf 89' lang='lat' dir='ltr'><strong>pro</strong></span> <span class='ocrx_word' id='word_1_129' title='bbox 606 2946 917 3027; x_wconf 83' lang='lat' dir='ltr'><strong>tempore</strong></span> <span class='ocrx_word' id='word_1_130' title='bbox 953 2936 1535 3030; x_wconf 88' lang='lat' dir='ltr'><strong>quandocumque</strong></span> <span class='ocrx_word' id='word_1_131' title='bbox 1573 2933 1916 3030; x_wconf 84' lang='lat' dir='ltr'><strong>spectabit</strong></span> <span class='ocrx_word' id='word_1_132' title='bbox 1967 2936 2036 3008; x_wconf 89' lang='lat' dir='ltr'><strong>in</strong></span> <span class='ocrx_word' id='word_1_133' title='bbox 2094 2937 2408 3013; x_wconf 86' lang='lat' dir='ltr'><strong>omnibus</strong></span> 
     </span>
     <span class='ocr_line' id='line_1_22' title="bbox 292 3055 2412 3154; baseline 0.002 -24"><span class='ocrx_word' id='word_1_134' title='bbox 292 3069 369 3130; x_wconf 86' lang='lat' dir='ltr'><strong>et</strong></span> <span class='ocrx_word' id='word_1_135' title='bbox 424 3077 553 3150; x_wconf 82' lang='lat' dir='ltr'><strong>per</strong></span> <span class='ocrx_word' id='word_1_136' title='bbox 604 3057 841 3130; x_wconf 90' lang='lat' dir='ltr'><strong>omnia</strong></span> <span class='ocrx_word' id='word_1_137' title='bbox 896 3056 1289 3151; x_wconf 87' lang='lat' dir='ltr'><strong>plenissime</strong></span> <span class='ocrx_word' id='word_1_138' title='bbox 1343 3055 1739 3152; x_wconf 77' lang='lat' dir='ltr'><strong>suffragari3</strong></span> <span class='ocrx_word' id='word_1_139' title='bbox 1792 3057 2026 3151; x_wconf 88' lang='lat' dir='ltr'><strong>sicque</strong></span> <span class='ocrx_word' id='word_1_140' title='bbox 2081 3057 2154 3132; x_wconf 89' lang='lat' dir='ltr'><strong>in</strong></span> <span class='ocrx_word' id='word_1_141' title='bbox 2208 3082 2412 3154; x_wconf 85' lang='lat' dir='ltr'><strong>prae-</strong></span> 
     </span>
     <span class='ocr_line' id='line_1_23' title="bbox 298 3174 2415 3272; baseline 0.001 -21"><span class='ocrx_word' id='word_1_142' title='bbox 298 3176 531 3252; x_wconf 86' lang='lat' dir='ltr'><strong>missis</strong></span> <span class='ocrx_word' id='word_1_143' title='bbox 569 3199 695 3270; x_wconf 89' lang='lat' dir='ltr'><strong>per</strong></span> <span class='ocrx_word' id='word_1_144' title='bbox 728 3197 1199 3272; x_wconf 85' lang='lat' dir='ltr'><strong>quoscumque</strong></span> <span class='ocrx_word' id='word_1_145' title='bbox 1241 3177 1509 3250; x_wconf 89' lang='lat' dir='ltr'><strong>iudices</strong></span> <span class='ocrx_word' id='word_1_146' title='bbox 1542 3174 1956 3252; x_wconf 79' lang='lat' dir='ltr'><strong>ordinarios</strong></span> <span class='ocrx_word' id='word_1_147' title='bbox 1993 3179 2200 3252; x_wconf 84' lang='lat' dir='ltr'><strong>etiam</strong></span> <span class='ocrx_word' id='word_1_148' title='bbox 2226 3175 2415 3254; x_wconf 84' lang='lat' dir='ltr'><strong>Cau·</strong></span> 
     </span>
     <span class='ocr_line' id='line_1_24' title="bbox 296 3292 2416 3392; baseline 0.001 -20"><span class='ocrx_word' id='word_1_149' title='bbox 296 3317 543 3372; x_wconf 88' lang='lat' dir='ltr'><strong>sarum</strong></span> <span class='ocrx_word' id='word_1_150' title='bbox 596 3292 849 3371; x_wconf 86' lang='lat' dir='ltr'><strong>Palatii</strong></span> <span class='ocrx_word' id='word_1_151' title='bbox 903 3293 1291 3392; x_wconf 85' lang='lat' dir='ltr'><strong>Apostolici</strong></span> <span class='ocrx_word' id='word_1_152' title='bbox 1346 3294 1724 3372; x_wconf 88' lang='lat' dir='ltr'><strong>Auditores</strong></span> <span class='ocrx_word' id='word_1_153' title='bbox 1776 3299 2068 3373; x_wconf 87' lang='lat' dir='ltr'><strong>iudicari</strong></span> <span class='ocrx_word' id='word_1_154' title='bbox 2125 3312 2196 3374; x_wconf 90' lang='lat' dir='ltr'><strong>ct</strong></span> <span class='ocrx_word' id='word_1_155' title='bbox 2251 3301 2416 3375; x_wconf 81' lang='lat' dir='ltr'><strong>defl-</strong></span> 
     </span>
     <span class='ocr_line' id='line_1_25' title="bbox 298 3417 2416 3517; baseline 0.001 -25"><span class='ocrx_word' id='word_1_156' title='bbox 298 3417 445 3492; x_wconf 88' lang='lat' dir='ltr'><strong>niri</strong></span> <span class='ocrx_word' id='word_1_157' title='bbox 500 3417 753 3490; x_wconf 86' lang='lat' dir='ltr'><strong>debere</strong></span> <span class='ocrx_word' id='word_1_158' title='bbox 808 3439 890 3491; x_wconf 88' lang='lat' dir='ltr'><strong>ac</strong></span> <span class='ocrx_word' id='word_1_159' title='bbox 942 3419 1227 3492; x_wconf 85' lang='lat' dir='ltr'><strong>irritum</strong></span> <span class='ocrx_word' id='word_1_160' title='bbox 1282 3430 1357 3490; x_wconf 88' lang='lat' dir='ltr'><strong>et</strong></span> <span class='ocrx_word' id='word_1_161' title='bbox 1410 3417 1615 3490; x_wconf 90' lang='lat' dir='ltr'><strong>inane</strong></span> <span class='ocrx_word' id='word_1_162' title='bbox 1671 3419 1731 3492; x_wconf 88' lang='lat' dir='ltr'><strong>si</strong></span> <span class='ocrx_word' id='word_1_163' title='bbox 1795 3441 1996 3492; x_wconf 86' lang='lat' dir='ltr'><strong>secus</strong></span> <span class='ocrx_word' id='word_1_164' title='bbox 2047 3441 2252 3517; x_wconf 89' lang='lat' dir='ltr'><strong>super</strong></span> <span class='ocrx_word' id='word_1_165' title='bbox 2303 3421 2416 3496; x_wconf 87' lang='lat' dir='ltr'><strong>his</strong></span> 
     </span>
     <span class='ocr_line' id='line_1_26' title="bbox 300 3539 2418 3636; baseline 0.002 -26"><span class='ocrx_word' id='word_1_166' title='bbox 300 3561 343 3610; x_wconf 86' lang='lat' dir='ltr'><strong>a</strong></span> <span class='ocrx_word' id='word_1_167' title='bbox 378 3559 741 3634; x_wconf 86' lang='lat' dir='ltr'><strong>quoquam</strong></span> <span class='ocrx_word' id='word_1_168' title='bbox 774 3539 1027 3632; x_wconf 83' lang='lat' dir='ltr'><strong>quavis</strong></span> <span class='ocrx_word' id='word_1_169' title='bbox 1074 3539 1491 3613; x_wconf 87' lang='lat' dir='ltr'><strong>auctoritate</strong></span> <span class='ocrx_word' id='word_1_170' title='bbox 1530 3539 1826 3612; x_wconf 87' lang='lat' dir='ltr'><strong>scienter</strong></span> <span class='ocrx_word' id='word_1_171' title='bbox 1863 3543 1980 3614; x_wconf 87' lang='lat' dir='ltr'><strong>vel</strong></span> <span class='ocrx_word' id='word_1_172' title='bbox 2015 3541 2418 3636; x_wconf 76' lang='lat' dir='ltr'><strong>ignoranter</strong></span> 
     </span>
     <span class='ocr_line' id='line_1_27' title="bbox 300 3654 2418 3757; baseline 0.001 -25"><span class='ocrx_word' id='word_1_173' title='bbox 300 3655 689 3748; x_wconf 74' lang='lat' dir='ltr'><strong>contigerit</strong></span> <span class='ocrx_word' id='word_1_174' title='bbox 726 3659 1082 3731; x_wconf 84' lang='lat' dir='ltr'><strong>attentari.</strong></span> <span class='ocrx_word' id='word_1_175' title='bbox 1141 3654 1297 3734; x_wconf 90' lang='lat' dir='ltr'><strong>Non</strong></span> <span class='ocrx_word' id='word_1_176' title='bbox 1336 3659 1808 3746; x_wconf 83' lang='lat' dir='ltr'><strong>obstantibus,</strong></span> <span class='ocrx_word' id='word_1_177' title='bbox 1856 3672 2206 3756; x_wconf 87' lang='lat' dir='ltr'><strong>quatenus</strong></span> <span class='ocrx_word' id='word_1_178' title='bbox 2243 3683 2418 3757; x_wconf 89' lang='lat' dir='ltr'><strong>opus</strong></span> 
     </span>
     <span class='ocr_line' id='line_1_28' title="bbox 302 3774 2418 3873; baseline 0.001 -19"><span class='ocrx_word' id='word_1_179' title='bbox 302 3781 400 3854; x_wconf 90' lang='lat' dir='ltr'><strong>sit</strong></span> <span class='ocrx_word' id='word_1_180' title='bbox 432 3827 457 3865; x_wconf 88' lang='lat'><strong>,</strong></span> <span class='ocrx_word' id='word_1_181' title='bbox 512 3774 769 3852; x_wconf 85' lang='lat' dir='ltr'><strong>Nostra</strong></span> <span class='ocrx_word' id='word_1_182' title='bbox 818 3789 893 3852; x_wconf 85' lang='lat' dir='ltr'><strong>et</strong></span> <span class='ocrx_word' id='word_1_183' title='bbox 945 3775 1424 3852; x_wconf 85' lang='lat' dir='ltr'><strong>Cancellariae</strong></span> <span class='ocrx_word' id='word_1_184' title='bbox 1489 3776 1932 3873; x_wconf 83' lang='lat' dir='ltr'><strong>Apostolicae</strong></span> <span class='ocrx_word' id='word_1_185' title='bbox 2007 3785 2250 3873; x_wconf 73' lang='lat' dir='ltr'><strong>regula</strong></span> <span class='ocrx_word' id='word_1_186' title='bbox 2329 3783 2418 3856; x_wconf 88' lang='lat' dir='ltr'><strong>de</strong></span> 
     </span>
     <span class='ocr_line' id='line_1_29' title="bbox 304 3899 2517 4007; baseline 0.001 -33"><span class='ocrx_word' id='word_1_187' title='bbox 304 3901 465 3974; x_wconf 87' lang='lat' dir='ltr'><strong>iure</strong></span> <span class='ocrx_word' id='word_1_188' title='bbox 514 3899 831 3994; x_wconf 86' lang='lat' dir='ltr'><strong>quaesito</strong></span> <span class='ocrx_word' id='word_1_189' title='bbox 885 3921 1027 3972; x_wconf 87' lang='lat' dir='ltr'><strong>non</strong></span> <span class='ocrx_word' id='word_1_190' title='bbox 1079 3899 1391 3974; x_wconf 87' lang='lat' dir='ltr'><strong>tollendo</strong></span> <span class='ocrx_word' id='word_1_191' title='bbox 1420 3949 1443 3987; x_wconf 96' lang='lat'><strong>,</strong></span> <span class='ocrx_word' id='word_1_192' title='bbox 1498 3900 1794 3996; x_wconf 87' lang='lat' dir='ltr'><strong>aliisque</strong></span> <span class='ocrx_word' id='word_1_193' title='bbox 1853 3899 2274 3996; x_wconf 85' lang='lat' dir='ltr'><strong>Apostolicis</strong></span> <span class='ocrx_word' id='word_1_194' title='bbox 2339 3925 2421 3977; x_wconf 88' lang='lat' dir='ltr'><strong>ac</strong></span> <span class='ocrx_word' id='word_1_195' title='bbox 2499 3987 2517 4007; x_wconf 26' lang='grc' dir='ltr'>Χ</span> 
     </span>
     <span class='ocr_line' id='line_1_30' title="bbox 309 4015 2422 4118; baseline 0.001 -23"><span class='ocrx_word' id='word_1_196' title='bbox 309 4025 387 4095; x_wconf 89' lang='lat' dir='ltr'><strong>in</strong></span> <span class='ocrx_word' id='word_1_197' title='bbox 442 4015 972 4092; x_wconf 83' lang='lat' dir='ltr'><strong>Universalibus</strong></span> <span class='ocrx_word' id='word_1_198' title='bbox 1027 4015 1726 4116; x_wconf 84' lang='lat' dir='ltr'><strong>Provincialibusque</strong></span> <span class='ocrx_word' id='word_1_199' title='bbox 1809 4035 1880 4097; x_wconf 89' lang='lat' dir='ltr'><strong>et</strong></span> <span class='ocrx_word' id='word_1_200' title='bbox 1954 4020 2422 4118; x_wconf 84' lang='lat' dir='ltr'><strong>Synodalibus</strong></span> 
     </span>
     <span class='ocr_line' id='line_1_31' title="bbox 306 4137 2424 4235; baseline 0.001 -20"><span class='ocrx_word' id='word_1_201' title='bbox 306 4137 647 4215; x_wconf 87' lang='lat' dir='ltr'><strong>Conciliis</strong></span> <span class='ocrx_word' id='word_1_202' title='bbox 704 4140 917 4213; x_wconf 87' lang='lat' dir='ltr'><strong>editis</strong></span> <span class='ocrx_word' id='word_1_203' title='bbox 998 4141 1443 4232; x_wconf 76' lang='lat' dir='ltr'><strong>generalibus</strong></span> <span class='ocrx_word' id='word_1_204' title='bbox 1495 4143 1607 4215; x_wconf 82' lang='lat' dir='ltr'><strong>vel</strong></span> <span class='ocrx_word' id='word_1_205' title='bbox 1665 4143 2080 4235; x_wconf 83' lang='lat' dir='ltr'><strong>specialibus</strong></span> <span class='ocrx_word' id='word_1_206' title='bbox 2131 4139 2424 4220; x_wconf 87' lang='lat' dir='ltr'><strong>Consti-</strong></span> 
     </span>
     <span class='ocr_line' id='line_1_32' title="bbox 312 4255 2426 4357; baseline 0.004 -24"><span class='ocrx_word' id='word_1_207' title='bbox 312 4258 713 4336; x_wconf 86' lang='lat' dir='ltr'><strong>tutionibus</strong></span> <span class='ocrx_word' id='word_1_208' title='bbox 766 4271 839 4333; x_wconf 88' lang='lat' dir='ltr'><strong>et</strong></span> <span class='ocrx_word' id='word_1_209' title='bbox 890 4255 1503 4348; x_wconf 80' lang='lat' dir='ltr'><strong>ordinationibus,</strong></span> <span class='ocrx_word' id='word_1_210' title='bbox 1564 4285 1694 4337; x_wconf 91' lang='lat' dir='ltr'><strong>nec</strong></span> <span class='ocrx_word' id='word_1_211' title='bbox 1750 4283 1892 4337; x_wconf 90' lang='lat' dir='ltr'><strong>non</strong></span> <span class='ocrx_word' id='word_1_212' title='bbox 1943 4266 2174 4340; x_wconf 88' lang='lat' dir='ltr'><strong>dictae</strong></span> <span class='ocrx_word' id='word_1_213' title='bbox 2228 4261 2426 4357; x_wconf 86' lang='lat' dir='ltr'><strong>Que-</strong></span> 
     </span>
    </p>
   </div>
   <div class='ocr_carea' id='block_1_3' title="bbox 312 4381 2426 4481">
    <p class='ocr_par' dir='ltr' id='par_1_3' title="bbox 312 4381 2426 4481">
     <span class='ocr_line' id='line_1_33' title="bbox 312 4381 2426 4481; baseline 0.004 -21"><span class='ocrx_word' id='word_1_214' title='bbox 312 4381 641 4460; x_wconf 83' lang='lat' dir='ltr'><strong>becensis</strong></span> <span class='ocrx_word' id='word_1_215' title='bbox 694 4381 1107 4481; x_wconf 75' lang='lat' dir='ltr'><strong>provinciae</strong></span> <span class='ocrx_word' id='word_1_216' title='bbox 1163 4383 1375 4462; x_wconf 80' lang='lat' dir='ltr'><strong>etiam</strong></span> <span class='ocrx_word' id='word_1_217' title='bbox 1428 4383 1828 4465; x_wconf 76' lang='lat' dir='ltr'><strong>iuramento</strong></span> <span class='ocrx_word' id='word_1_218' title='bbox 1867 4433 1890 4478; x_wconf 88' lang='lat'><strong>,</strong></span> <span class='ocrx_word' id='word_1_219' title='bbox 1949 4386 2426 4470; x_wconf 81' lang='lat' dir='ltr'><strong>confirmatio·</strong></span> 
     </span>
    </p>
   </div>
   <div class='ocr_carea' id='block_1_4' title="bbox 3235 315 3248 929">
    <p class='ocr_par' dir='ltr' id='par_1_4' title="bbox 3235 315 3248 929">
     <span class='ocr_line' id='line_1_34' title="bbox 3235 315 3248 929; baseline 0 0"><span class='ocrx_word' id='word_1_220' title='bbox 3235 315 3248 929; x_wconf 95' lang='lat' dir='ltr'><strong> </strong></span> 
     </span>
    </p>
   </div>
  </div>
 </body>
</html>
