3292 5275
850 603 1075 695 tiplici
1131 590 1601 693 peccatorum
1636 618 1882 691 genere
1938 590 2299 682 infectum,
2357 597 2594 670 statim
2663 620 3000 691 pronun-

846 722 1033 795 tiant
1086 744 1157 793 se
1212 733 1355 794 non
1410 740 1620 813 posse
1676 719 2086 792 absolvere:
2141 716 2224 789 iis
2279 736 2536 812 nempe
2603 718 2774 811 ipsis
2829 742 2992 793 me-

849 844 1000 915 deri
1056 852 1417 926 recusant,
1472 840 1728 934 quibus
1781 834 2078 911 maxime
2141 838 2468 912 curandis
2523 842 2616 912 ab
2669 862 2754 911 eo
2811 852 2996 913 sunt

750 1008 755 1013 -
850 962 1217 1035 constituti
1272 948 1397 1055 oui
1455 958 1553 1032 ait
1576 982 1605 1029 ε,
1655 980 1796 1031 non
1834 971 1937 1030 est
1989 980 2165 1058 opus
2199 956 2592 1032 valentibus
2627 956 2987 1053 medicus,

850 1080 973 1157 sed
1024 1075 1211 1156 male
1264 1074 1732 1163 Habentihuu
1791 1093 1913 1159 aut
1965 1081 2218 1173 quibus
2271 1080 2388 1151 vix
2441 1084 2589 1153 ulla
2655 1094 2999 1155 scrutan-

850 1205 979 1277 dae
1034 1204 1508 1277 conscientiae
1562 1200 1953 1293 diligentia,
1997 1204 2129 1273 'adt
2166 1201 2454 1287 doloriS,
2497 1224 2581 1274 ac
2637 1192 2995 1294 propositi

848 1328 1023 1399 satis
1076 1324 1361 1397 videtur
1416 1322 1864 1413 significatio,
1907 1334 1984 1395 ut
2041 1323 2412 1395 absolvere
2451 1344 2525 1395 se
2581 1344 2794 1415 posse
2829 1322 2990 1395 exi—

850 1446 1196 1532 stiment3
1252 1439 1336 1517 ac
1368 1454 1527 1515 tum
1564 1443 1843 1517 demum
1885 1453 2114 1515 tutum
2161 1463 2237 1515 se
2287 1445 2562 1536 cepisse
2617 1446 2990 1517 consilium

850 1554 1126 1659 putant,
1167 1566 1227 1637 si
1266 1566 1589 1637 homines
1628 1566 1696 1635 in
1735 1562 1920 1635 aliud
1962 1575 2237 1655 tempus
2279 1564 2742 1637 absolvendos
2781 1566 2992 1637 dimi-

844 1687 1094 1759 serint.
1140 1681 1235 1756 Si
1302 1685 1493 1756 enim
1549 1686 1698 1757 ulla
1757 1685 1822 1755 in
1879 1706 1956 1755 re
2013 1685 2358 1757 servanda
2421 1698 2528 1757 est
2599 1685 2997 1757 mediocri-

844 1818 981 1889 tas„
1039 1806 1114 1877 in
1170 1798 1307 1878 hac
1362 1803 1808 1897 potissimum
1847 1816 2174 1878 servetur
2229 1826 2512 1879 necesse
2547 1817 2688 1891 est,
2735 1826 2832 1877 nc
2872 1812 2994 1881 vel

843 1926 1059 1999 nimia
1114 1925 1411 1997 facilitas
1466 1926 1872 1998 ahsolvendi
1927 1927 2338 1997 facilitatem
2379 1924 2626 1999 afferat
2683 1948 2998 2019 peccan-

848 2048 946 2131 di,
986 2049 1101 2120 vel
1136 2048 1357 2119 nimia
1414 2046 1788 2119 difficultas
1827 2046 2083 2119 alienet
2121 2048 2387 2130 animos
2437 2068 2472 2117 a
2513 2050 2990 2135 confessione,

848 2181 921 2241 et
973 2169 1046 2240 in
1101 2165 1664 2259 desperationem
1719 2169 1968 2241 salutis
2005 2167 2326 2241 adducat.
2367 2164 2646 2242 Sistunt
2697 2191 2782 2242 se
2835 2172 2996 2266 qui-

848 2288 1006 2361 dem
1042 2282 1240 2359 multi
1276 2285 1710 2361 Sacramenti
1763 2285 2266 2361 Paenitentiae
2304 2283 2652 2363 Ministris
2697 2312 2996 2383 prorsus

848 2408 1200 2501 imparati,
1260 2409 1385 2482 sed
1418 2408 1784 2503 'persaepe
1848 2416 2082 2481 tamen
2138 2409 2566 2494 huiusmodi,
2606 2423 2692 2483 ut
2723 2433 2828 2483 ex
2865 2414 2998 2485 im·-

848 2530 1117 2621 paratis
1158 2533 1387 2623 parati
1426 2529 1577 2602 fieri
1622 2532 1916 2623 possint,
1955 2532 2016 2602 si
2055 2530 2260 2603 modo
2319 2526 2666 2604 Sacerdos
2707 2531 2998 2607 viscera

839 2650 1142 2724 indutus
1226 2651 1753 2724 misericordiae
1831 2647 2094 2724 Christi
2184 2648 2367 2740 lesu,
2419 2651 2542 2748 qui
2593 2675 2746 2726 non
2806 2657 3004 2730 venit

844 2791 1109 2844 vocare·
1150 2770 1387 2846 iustos
1422 2767 1545 2843 scd
1590 2783 2024 2870 peccatores,
2083 2773 2274 2846 sciat·
2319 2771 2661 2858 studiose,
2721 2779 3000 2866 patien-

851 2903 959 2964 ter
1012 2904 1089 2964 et
1138 2906 1505 2968 mansuete
1552 2899 1718 2966 'c'nm
1771 2894 1943 2982 ipsis
1999 2912 2224 2988 agere.
2265 2888 2474 2981 Quod
2509 2897 2572 2966 si
2632 2909 2994 2988 praestare

846 3017 1395 3106 praetermittat,
1449 3014 1766 3108 profecto
1819 3035 1958 3088 non
2013 3013 2231 3108 magis
2290 3013 2436 3108 ipse
2479 3014 2832 3091 dicendus
2889 3031 2996 3092 cst

836 3135 1136 3226 paratus
1188 3136 1280 3208 ad
1318 3136 2028 3227 audiendumsquam
2065 3137 2328 3209 caeteri
2369 3136 2456 3208 ad
2503 3135 2998 3212 ‘confitendum

850 3256 1237 3346 accedere·
1268 3253 1589 3349 lmparati
1644 3255 1830 3330 enim
1885 3255 1986 3328 illi
2045 3257 2520 3330 tantummodo
2577 3271 2754 3330 sunt
2813 3261 3002 3332 iudi·

848 3376 1083 3462 candi,
1142 3399 1281 3449 non
1318 3379 1467 3470 'qui
1500 3378 1639 3450 ‘vel
1698 3375 2114 3467 gravissima
2165 3377 2606 3450 'admiserint
2691 3379 2998 3470 flagitia,

834 3501 967 3574 ·vel
1004 3499 1124 3591 qui
1182 3497 1519 3590 plurimos
1576 3500 2072 3570 etiam-annos
2129 3497 2484 3573 abfuerint
2525 3522 2562 3572 a
2599 3502 2998 3574 confessio-

852 3623 993 3706 n'e3
1044 3614 1577 3695 misericordiae
1657 3618 1847 3692 enim
1906 3614 2189 3691 Domini
2273 3641 2418 3692 non
2469 3631 2572 3692 est
2621 3641 2996 3706 numerus,

851 3751 921 3812 et
974 3735 1303 3814 bonitalis
1380 3737 1704 3838 infinitus
1759 3749 1860 3810 est
1915 3735 2284 3813 thesaurus
2306 3762 2339 3822 ;
2399 3743 2513 3813 vel
2599 3740 2724 3833 qui
2785 3743 3000 3815 rudes

847 3861 1276 3946 conditione,
1330 3872 1455 3932 aut
1508 3860 1694 3932 tardi
1776 3861 2066 3950 ingenio
2123 3879 2272 3946 non
2323 3860 2515 3933 satis
2547 3862 2618 3932 in
2675 3881 2754 3934 se
2811 3863 3000 3954 ipsas

850 3980 1323 4075 inquisitor-int,
1366 3982 1559 4072 nulla
1616 3978 1760 4054 fere
1813 3980 2156 4054 industria
2211 4001 2344 4052 sua
2406 3979 2470 4052 id
2527 3981 2686 4054 sine
2743 3977 3004 4055 Sacer·-

835 4100 1035 4174 -dotis
1102 4103 1319 4204 ipsius
1376 4117 1587 4194 opera
1639 4101 2082 4189 assecutur13
2139 4103 2262 4174 sed
2317 4100 2470 4195 qui,-
2529 4101 2846 4174 adhibita
2907 4106 3001 4176 ab

860 4241 943 4291 eo
1001 4224 1425 4306 necessaria,
1484 4237 1625 4293 non
1671 4241 1822 4324 4qua
1878 4233 2156 4312 praeter
2210 4221 2486 4298 modum
2567 4235 2996 4311 graventur,

848 4332 918 4410 in
975 4339 1087 4412 iis·
1116 4339 1662 4432 interrogandis·
1691 4340 2446 4436 diligentum-omnique
2480 4344 2556 4412 ‚in
2613 4341 2870 4414 iisdem
2911 4344 3002 4414 ad
