3292 5275
1030 635 1043 647 ·
1106 611 1747 747 nplsroLA

364 861 763 952 meantis
796 861 1024 952 rnirm
1084 899 1411 954 nanniano
1476 901 1953 953 Ancammscoro
2021 903 2478 954 cvirimtssnsr

576 1007 581 1012 ’
1665 983 1671 988 ’
1873 1023 2192 1074 temous!

1501 1141 1589 1192 m
1646 1143 1960 1196 mnem-
2015 1141 2477 1195 meana-nr.

388 2116 403 2124 -
444 2079 588 2148 vfnu.
630 2091 904 2162 rursu,
947 2097 1235 2150 savum
1272 2097 1818 2151 erarem-omem
1853 2098 2388 2152 nsnssmcrroun.
2433 2075 2440 2082 ’

364 2349 639 2552 Quod
690 2436 1015 2528 Christus
1068 2441 1145 2511 in
1199 2441 1409 2512 horto
1460 2449 1710 2532 captus
1763 2440 1940 2511 dixit
2005 2439 2486 2532 principibus,

360 2560 885 2650 magistratibus
920 2573 995 2632 et
1032 2560 1425 2633 senioribus
1464 2557 1914 2643 ludaeorum,
1953 2558 2127 2631 haec
2167 2571 2271 2632 est
2306 2557 2486 2632 hora

359 2694 593 2753 vestra
646 2694 715 2753 ct
760 2693 1085 2778 potestas.
1126 2680 1608 2767 tenebrarum,
1644 2684 1718 2753 id
1756 2704 1946 2759 nunc
1988 2679 2328 2768 Ecclesia,
2369 2683 2487 2753 di·-

358 2800 501 2871 vini
537 2797 796 2893 Sponsi
852 2805 967 2874 sui
1024 2802 1353 2894 patieutis
1408 2802 1792 2893 imaginem
1841 2804 2178 2889 relatura,
2221 2804 2484 2875 iterare

358 2922 629 3012 cogitur
684 2924 758 2995 in
814 2924 983 2997 orbe
1039 2935 1189 2997 toto
1222 2972 1243 3007 ‚
1302 2945 1467 2997 cum
1530 2924 1794 3017 ubique
1851 2922 2066 2996 ferme
2122 2923 2482 3015 principes

358 3046 813 3117 convenerint
842 3045 1185 3119 adversus
1218 3041 1594 3117 Dominum
1632 3055 1706 3115 et
1747 3046 2090 3118 adversus
2115 3037 2478 3115 Christum
2543 3122 2548 3127 ,

356 3166 541 3237 εἰπε.
581 3160 814 3252 Quod·
840 3170 921 3238 tu
976 3167 1053 3237 in
1090 3162 1409 3238 Dloecesi
1466 3174 1588 3237 tua
1642 3186 1736 3237 cs·
1775 3174 2136 3257 expertuS,
2166 3157 2491 3237 venem«

356 3286 521 3357 bilis
576 3280 849 3371 Frater,
889 3284 959 3356 id
1014 3286 1180 3358 alibi
1238 3288 1502 3378 passim
1557 3296 1631 3358 et
1686 3287 1945 3358 iisdem
2000 3284 2270 3357 artibus
2327 3282 2480 3356 fieri

356 3406 678 3479 videmus
714 3416 786 3479 et
824 3407 1227 3498 experimur
1274 3408 1349 3478 in
1402 3406 1987 3499 praesentiarum,
2029 3406 2151 3479 ubi
2209 3404 2482 3497 percuti

354 3526 817 3617 conspicimus
854 3537 1171 3617 pastores
1200 3539 1295 3601 ·ut
1346 3530 1840 3621 dispergantur
1890 3547 2090 3611 oveS,
2134 3547 2332 3597 sacra
2375 3524 2484 3594 di-

356 3648 491 3739 ripi
532 3658 608 3719 ut
652 3657 978 3719 externus
1024 3649 1253 3720 cultus
1300 3650 1692 3733 aboleatur,
1733 3648 1896 3720 eiici
1946 3646 2296 3718 ministros
2341 3640 2484 3716 Ec-

355 3768 618 3841 clesiae
674 3780 755 3841 ut
794 3767 1031 3839 fideles
1070 3768 1255 3839 omni
1295 3769 1776 3841 destituantur
1831 3768 2152 3857 religiosa
2205 3764 2483 3839 institu-

356 3886 547 3961 tione
603 3898 676 3961 et
731 3888 1073 3982 spirituali
1132 3890 1433 3973 auxilio,
1482 3888 1999 3983 effraenemque
2057 3887 2480 3981 propugnari

354 4008 715 4081 licentiam
764 4021 835 4081 et
877 4009 1315 4101 impietatem
1353 4020 1434 4081 ut
1476 4013 1775 4101 populus
1817 4012 2020 4102 plane
2069 4030 2481 4101 corrumpa-

356 4142 489 4203 tur.
550 4124 778 4203 Hodie
834 4150 1109 4221 reapse,
1148 4130 1251 4201 uti
1307 4128 1451 4201 iam
1510 4128 1760 4222 priscis
1821 4124 2482 4224 temporibuS,Epi-

352 4260 683 4343 scopatus
766 4270 1023 4325 verum
1088 4259 1197 4319 est
1272 4248 1722 4342 martyrium,
1781 4252 1936 4325 sive
2017 4237 2476 4323 confessionis

352 4370 663 4454 nomine,
718 4372 868 4444 sive
924 4390 1223 4462 poenae.
1268 4364 1409 4440 lam
1460 4391 1660 4457 vero,
1716 4366 2156 4444 Venerabilis
2204 4366 2475 4457 Frater,

1963 4495 2050 4575 1*
