3292 5275
400 603 683 680 nasterii
712 617 785 678 et
810 600 1119 693 Ordinis,
1148 607 1349 681 cuius
1388 605 1565 679 illud
1600 607 1872 691 existit,
1909 607 2124 680 etiam
2159 608 2514 680 iuramen-

400 739 469 801 to
503 725 1029 800 confirmatione
1068 723 1475 820 Apostolica
1529 726 1643 800 vel
1701 729 1954 821 quavis
2003 727 2334 803 firmitate
2374 729 2514 804 alia

401 849 749 922 roboratis
789 849 1069 922 statutis
1124 860 1195 921 et
1224 849 1878 935 consuetudinibus,
1917 847 2310 942 privilegiis
2335 870 2517 944 quo-

400 991 565 1066 que,
623 969 937 1057 indultis,
990 982 1063 1044 et
1091 967 1379 1044 Litteris
1408 967 1828 1064 Apostolicis
1882 969 2112 1043 eidem
2166 963 2518 1042 Monaste-

404 1093 512 1164 rio
568 1091 897 1186 illiusque
924 1087 1424 1184 Superioribus
1478 1103 1553 1166 et
1608 1091 1926 1185 personis
1980 1091 2053 1163 in
2109 1111 2362 1184 genere
2399 1092 2517 1166 vel

404 1210 480 1284 in
537 1214 771 1304 specie
823 1215 1041 1286 etiam
1094 1223 1342 1288 contra
1398 1211 1890 1298 CommendaS,
1931 1223 2056 1284 aut
2118 1213 2290 1286 alias
2342 1235 2519 1306 quo-

406 1335 784 1409 modolibet
838 1338 1215 1422 concessiS‚
1249 1337 1683 1430 approbatis,
1723 1335 2176 1422 confirmatis,
2207 1345 2279 1408 et
2315 1335 2519 1408 inno-

408 1457 619 1544 vatiS,
647 1458 905 1553 quibus
960 1459 1285 1532 omnihus
1341 1470 1411 1530 et
1464 1457 1754 1550 singulis
1819 1455 2092 1531 etiamsi
2157 1479 2286 1550 pro
2369 1454 2521 1531 illo·-

411 1577 639 1650 lorum
694 1579 1069 1652 sufficienti
1124 1578 1570 1671 derogatione
1626 1580 1712 1651 de
1751 1579 1893 1650 illis
1931 1598 2310 1670 eorumque
2351 1579 2520 1651 totis

412 1699 769 1772 tenoribus
824 1701 1172 1794 specialiS,
1231 1699 1577 1791 specifica,
1616 1721 1944 1793 expressa
1999 1709 2072 1772 et
2127 1699 2520 1787 individua,

414 1840 549 1892 non
604 1831 840 1892 autem
894 1842 1019 1913 per
1072 1822 1427 1893 clausulas
1485 1819 1844 1912 ge‘nerales
1897 1821 2088 1892 idem
2145 1821 2525 1912 importan-

414 1948 543 2027 tes,
574 1943 832 2016 mentio
890 1933 1027 2014 seu'
1066 1941 1355 2036 quaevis
1414 1945 1553 2015 alia
1610 1942 1968 2037 expressio
2024 1941 2369 2028 habenda,
2400 1953 2524 2017 aut

415 2063 647 2156 aliqua
710 2064 845 2136 alia
907 2063 1257 2156 exquisita
1332 2063 1553 2136 forma
1602 2065 1689 2134 ad
1741 2064 1878 2136 hoc
1930 2063 2275 2136 servanda
2319 2062 2521 2151 soret,

416 2204 661 2258 eorum
694 2196 999 2271 tenores,
1018 2208 1099 2256 ac
1128 2187 1186 2256 si
1217 2185 1303 2256 de
1331 2184 1551 2257 verbo
1571 2185 1658 2257 ad
1677 2185 1973 2259 verbum
1993 2185 2239 2257 inserti
2271 2186 2525 2272 forent,

416 2303 673 2378 eisdem
728 2305 1223 2400 praesentibus
1266 2327 1390 2396 pro
1430 2307 1635 2400 plene
1672 2317 1748 2378 et
1784 2303 2216 2404 sufficienter·
2243 2325 2527 2398 expres-

420 2427 517 2498 sis
572 2426 933 2512 habentes,
988 2425 1125 2498 illis
1181 2427 1353 2498 alias
1410 2428 1485 2498 in
1552 2448 1678 2500 suo
1739 2426 1990 2498 robore
2045 2425 2523 2517 permansuris

418 2547 755 2620 latissime
832 2558 906 2619 et
973 2535 1373 2641 plenissime
1438 2571 1519 2620 ac
1583 2547 1980 2640 specialiter
2043 2559 2114 2618 et
2167 2567 2522 2642 expresse,

420 2688 548 2741 nec
586 2690 719 2741 non
750 2682 1140 2762 opportune
1171 2680 1241 2743 et
1278 2654 1513 2741 valide
1541 2665 1736 2743 Motu
1777 2671 1930 2763 pari
1968 2670 2096 2742 hac
2132 2671 2290 2741 vice
2327 2670 2532 2741 dum-

421 2798 613 2863 taxat
653 2790 903 2863 harum
940 2812 1219 2884 quoque
1260 2792 1443 2863 serie
1480 2791 2324 2885 derogamuS,ceterisque
2373 2812 2531 2863 con-

420 2911 656 2985 trariis
709 2913 1295 3007 quibuscumque,
1335 2925 1459 2987 aut
1522 2912 1576 2987 si
1644 2910 2049 2988 Conventui
2089 2905 2422 2985 Vassallis
2458 2921 2531 2983 et

422 3034 580 3107 aliis
636 3035 937 3106 subditis
989 3035 1363 3128 praedictis
1400 3024 1529 3108 ‘vel
1585 3035 1956 3128 quibusvis
2012 3033 2165 3105 aliis
2221 3053 2534 3107 commu-

422 3154 606 3229 niter
658 3167 783 3227 aut
835 3156 1114 3228 divisim
1169 3155 1257 3229 ab
1312 3152 1716 3249 Apostolica
1779 3154 1866 3227 sit
1921 3150 2100 3225 Sede
2174 3154 2532 3226 indultum

423 3279 610 3374 quod
664 3278 980 3353 interdici
1038 3279 1367 3373 suspendi
1406 3280 1525 3351 vel
1560 3276 2158 3351 excommunicari
2196 3296 2337 3348 non
2374 3297 2536 3368 pos-

424 3399 565 3473 sint
620 3421 741 3491 per
794 3394 1095 3473 Litteras
1149 3395 1589 3495 Apostolicas
1654 3390 1793 3472 n⁴on
1859 3396 2192 3471 facientes
2256 3399 2536 3489 plenam

425 3536 499 3598 ct
555 3544 950 3617 expressam
1008 3544 1090 3595 ac
1146 3523 1231 3595 de
1300 3522 1519 3597 verbo
1584 3521 1676 3595 ad
1738 3520 2036 3596 verbum
2116 3520 2201 3591 de
2255 3514 2535 3590 indulto

427 3647 827 3723 huiusmodi
882 3646 1335 3717 mentionem.
1368 3640 1702 3717 Volumus
1741 3652 1968 3716 autem
2005 3641 2192 3736 quod
2229 3640 2302 3712 in
2341 3660 2540 3733 prae-

426 3770 575 3841 fato
628 3761 1047 3839 Monasterio
1102 3764 1384 3838 divinus
1440 3765 1676 3838 cultus
1731 3777 1801 3835 et
1855 3765 2107 3835 solitus
2161 3756 2542 3834 Monachu-

430 3910 577 3961 rum
632 3910 959 3961 numerus
1022 3899 1095 3960 et
1162 3882 1637 3961 Ministrorum
1695 3886 2092 3958 nullatenus
2165 3882 2539 3963 minuatur,

427 4019 499 4082 et
574 4010 971 4083 animarum
1026 4029 1226 4095 cura,
1286 4006 1345 4081 si
1397 4029 1571 4103 quae
1627 4009 1734 4078 illi
1815 4005 2201 4090 immineat,
2255 4002 2542 4075 minime

428 4128 821 4222 negligatur
852 4179 875 4218 ,
936 4128 1061 4203 sed
1127 4126 1280 4202 eius
1361 4142 1435 4203 et
1506 4125 1923 4203 Conventus
1997 4127 2292 4221 praefati
2365 4144 2546 4235 con-

431 4272 605 4343 grue
668 4264 1171 4348 supportentur
1235 4274 1449 4328 onera
1512 4259 1880 4333 consueta.
1936 4244 2034 4321 Et
2097 4246 2382 4340 insuper
2453 4264 2546 4318 ex
