3292 5275
1106 591 1658 691 EPISTOLA
2319 457 2450 611 6⁷.

1054 881 1434 932 VBM-:unm
1490 882 1722 931 mum

742 1001 1101 1055 uvat-:urm
1160 1001 1453 1053 131218001’0
1510 1001 1999 1052 vssmrlnlussnst.

1018 1547 1275 1644 PIVS
1332 1549 1499 1642 ΡΡ.
1574 1544 1734 1642 lx,

373 1955 517 2004 VBN.
555 1955 821 2018 FRATER,
878 1953 1158 2004 satvrssn
1215 1954 1295 2003 ΕΤ
1351 1955 1781 2005 ΔΡΟΒΤΟΙΛΕΔΙ
1838 1957 2370 2006 ΒΒΝΕΒΙΟΤΙΟΝΕΙΙ.

317 2203 581 2365 Adeo
634 2293 894 2386 ubique
928 2291 1163 2364 laxata
1202 2290 1533 2366 videntur
1566 2313 1726 2365 esse
1779 2290 2018 2365 fraena
2060 2291 2276 2385 portis
2326 2291 2436 2364 in-

317 2415 653 2497 ferorum,
683 2408 1119 2486 Venerabilis
1150 2409 1421 2496 Frater,
1450 2425 1554 2496 ut,
1580 2433 1790 2506 quam
1831 2414 1968 2484 late
1999 2424 2194 2504 patet
2222 2411 2434 2499 orbiS,

318 2529 631 2604 Ecclesia
668 2534 915 2605 merito
954 2536 1351 2606 exclamare
1392 2534 1605 2626 possit
1655 2553 1823 2605 eum
1880 2533 2122 2604 divino
2160 2528 2434 2624 Sponso

319 2675 443 2725 suo
506 2676 718 2750 super
784 2650 1097 2726 dolorem
1158 2650 1533 2725 vulnerum
1594 2674 1916 2725 meorum
1981 2650 2430 2725 addiderunt.

312 2770 669 2847 Afflietum
726 2797 896 2848 sane
954 2785 1147 2846 tanta
1203 2776 1593 2846 animarum
1649 2775 1863 2846 caede
1923 2774 2059 2844 iam
2129 2775 2434 2844 animum

313 2895 689 2969 conficiunt
725 2918 905 2989 quae
965 2908 1037 2967 tu
1096 2896 1313 2967 refers
1351 2896 1437 2967 de
1476 2896 1996 2967 haeretieorum
2047 2894 2320 2965 artibus
2360 2905 2434 2966 et

314 3027 566 3087 conatu
623 3015 711 3087 ad
767 3016 1156 3089 vitiandam
1214 3017 1592 3108 pueritiam
1649 3026 1720 3086 et
1752 3016 2291 3087 adolescentiam
2331 3015 2438 3084 in-

313 3137 616 3207 colarum
657 3136 812 3227 pagi
854 3136 939 3207 ab
980 3134 1359 3226 episcopali
1402 3136 1574 3207 urbe
1617 3146 1734 3205 tua
1778 3156 1918 3205 non
1957 3132 2208 3205 remoti
2257 3134 2437 3204 eius-

312 3278 449 3348 que
505 3255 831 3328 viciniae..
891 3252 1030 3327 Sed
1086 3258 1339 3347 gratias
1399 3257 1669 3347 agimus
1726 3248 1904 3333 Deo,
1942 3254 2218 3346 tibique
2277 3275 2434 3345 gra-

314 3376 645 3457 tulamur,
704 3376 919 3469 quod,
962 3376 1197 3467 inopia
1266 3386 1379 3443 tua
1438 3395 1518 3444 ac
1576 3374 1818 3465 populi
1877 3395 2016 3444 non
2075 3373 2430 3455 obstante,

312 3495 689 3567 catholicas
756 3496 1093 3567 obieceris
1170 3492 1471 3565 nefariae
1546 3494 1907 3565 doetrinae
1983 3494 2252 3565 scholas
2285 3513 2308 3579 3
2363 3503 2434 3563 et

310 3636 735 3709 quamquam
811 3636 947 3686 non
1016 3614 1359 3686 immerito
1434 3616 1770 3697 vereariS‚
1837 3637 1957 3685 eas
2031 3614 2184 3699 diu,
2256 3610 2436 3682 defi-

308 3735 660 3808 cientibus
718 3736 999 3827 opibuS‚
1060 3734 1431 3807 sustentari
1490 3754 1631 3805 non
1693 3756 1924 3824 posse,
1982 3734 2270 3804 divinae
2319 3741 2436 3803 ta-

308 3876 466 3927 men
523 3854 1009 3947 providentiae
1066 3854 1369 3927 confisus
1425 3854 1690 3925 maiora
1746 3874 2026 3946 quoque
2099 3852 2438 3923 audacter

306 3974 641 4045 moliaris.
686 3970 829 4045 Nos
867 3976 1145 4068 quidem
1187 3994 1627 4065 summopere
1671 3994 2094 4064 cuperemus
2144 3973 2434 4043 idoneas

309 4104 543 4165 tantae
600 4097 701 4166 rei
763 4094 1229 4181 perficiendae
1288 4094 1407 4165 tibi
1468 4094 1650 4165 ferre
1709 4094 2072 4186 suppetias
2104 4114 2130 4181 3
2185 4112 2437 4165 verum

306 4235 465 4285 eum
522 4236 756 4287 rerum
814 4216 1203 4305 angustiae,
1265 4216 1333 4284 in
1388 4215 1650 4306 quibus
1708 4234 2110 4295 versamur,
2172 4212 2237 4283 id
2295 4234 2434 4284 non

308 4338 704 4427 patiantur,
762 4338 1091 4407 nolumus
1127 4384 1152 4421 ,
1208 4334 1485 4428 aliquod
1544 4336 1798 4407 saltem
1853 4332 2434 4427 propensissimae

1908 4460 2010 4539 5*
