3292 5275
2277 487 2452 574 333,

322 628 751 705 commodius
782 638 994 723 atque
1021 630 1269 703 utilius
1298 628 1613 703 finitimis
1652 626 2187 722 incorporentur
2213 625 2430 703 Dice-

322 749 625 825 cesibuS.

531 866 894 961 Quocirca
928 891 1155 964 nuper
1210 871 1528 965 contigit,
1594 883 1676 945 ut
1743 868 2058 945 Gallicae
2111 866 2431 945 Nationis

318 989 751 1069 Gubernium
804 995 1103 1070 devotas
1158 994 1391 1067 offerri
1476 997 1844 1069 curaverit
1925 997 2434 1087 postulationes

322 1110 541 1191 Ssffio
597 1112 749 1191 Dfio
804 1111 1057 1193 Nostro
1128 1114 1255 1191 Pio
1309 1118 1521 1191 huius
1575 1118 1878 1193 nominis
1933 1112 2026 1189 lX
2101 1112 2439 1191 Pontifici-

320 1238 659 1325 Maxtmm·
706 1242 1125 1335 implorandi
1201 1238 1449 1334 gratia,
1508 1252 1588 1314 ut
1649 1234 2134 1315 huiuscemodi
2219 1260 2433 1333 nego-

320 1364 503 1438 tium
574 1364 999 1438 auctoritate
1072 1360 1471 1455 Apostolica
1554 1362 1994 1447 conficiatur,
2063 1372 2272 1453 atque
2340 1360 2432 1435 ad

320 1492 639 1576 optatum
690 1485 965 1585 exitum
1019 1484 1309 1577 provide
1365 1486 1806 1577 feliciterque
1861 1482 2316 1577 perducatur.

530 1601 797 1682 Idcirco
870 1601 1249 1682 Beatitudo
1329 1602 1499 1689 Sua,
1556 1606 1665 1677 bis
1721 1616 1948 1697 atque·
1987 1604 2170 1687 aliis,
2249 1626 2432 1699 quae

320 1739 641 1806 accurate
696 1727 1323 1803 animadvertenda
1364 1739 1589 1811 crant,
1628 1726 1858 1818 magui
1899 1724 2232 1817 ponderis
2269 1747 2438 1799 cau-

318 1851 441 1933 sis,
494 1862 877 1941 earumque
930 1850 1315 1921 momentis·
1359 1860 1631 1923 matura
1705 1846 2208 1919 deliberatione
2276 1867 2435 1941 per-

248 1944 266 1967 ⁸
318 1971 577 2063 pensis,
633 1989 865 2075 quam,
897 1968 1198 2043 libenter
1250 1968 1531 2062 dignata
1566 1980 1677 2041 est
1735 1968 2271 2058 praenuntiatas
2327 1966 2438 2061 ip-

322 2092 468 2165 sius
506 2085 759 2165 Gallici
799 2087 1141 2165 Gubernii
1181 2090 1688 2183 postulationes
1727 2089 2078 2185 enixeque
2117 2098 2287 2162 vota
2323 2089 2436 2160 be-

318 2214 528 2303 nigno
566 2214 895 2305 prosequi
934 2214 1205 2286 favore.
1246 2208 1411 2285 Ideo
1449 2213 1782 2285 nimirum
1835 2234 1924 2288 ex
1973 2221 2170 2285 certa
2209 2203 2438 2281 scien·

316 2332 419 2405 tia
502 2344 833 2426 motuque
909 2332 1132 2405 veluti
1186 2334 1493 2425 ‘proprio
1566 2331 1986 2407 deliberavit
2063 2332 2432 2425 voluitque

316 2455 557 2527 omnia
600 2464 677 2527 et
728 2454 1037 2548 singula,
1077 2472 1259 2549 quae
1314 2464 1743 2548 sequuntur,
1783 2455 1858 2525 in
1895 2452 2198 2527 decretis
2237 2472 2430 2537 man·-

317 2574 515 2660 dare‚
592 2570 1121 2670 Apostolicaque
1200 2571 1347 2652 Sua
1401 2570 1844 2654 Auctoritate
1925 2573 2434 2650 inviolabiliter

315 2698 613 2770 sancire.

420 3116 427 3126 .
524 3054 711 3132 Ante
772 3062 1035 3144 omnia,
1072 3061 1285 3134 sicuti
1342 3073 1465 3153 par
1521 3071 1654 3148 est,
1693 3070 1846 3137 tum
1895 3063 2174 3139 debitae
2233 3084 2436 3155 regu-

324 3181 629 3254 latitatis
682 3191 835 3254 tum
888 3181 1225 3256 indubiae
1280 3181 1664 3257 validitatis
1721 3183 1968 3274 gratia,
2035 3197 2118 3256 ut
2188 3205 2432 3258 cumu-

322 3301 546 3372 latum
624 3299 755 3372 hoc
844 3295 1283 3376 Dioecesium
1369 3315 1764 3396 opportuno
1843 3307 2430 3382 circumscriben-

318 3419 567 3492 darum
630 3421 1011 3512 negotium,
1070 3423 1159 3495 ad
1222 3425 1754 3500 commodiorem
1837 3449 2083 3503 earum
2147 3449 2428 3525 quoque

272 3523 387 3612 'in
444 3539 925 3632 spiritualibus
998 3543 1678 3621 administrationem
1743 3549 2150 3624 salutariter
2226 3568 2432 3646 pera·-

318 3661 639 3754 gen'dmm
678 3661 1115 3748 conficiatur,
1156 3667 1229 3739 id
1264 3667 1514 3760 utiquc
1562 3669 1639 3740 in
1679 3683 2040 3762 comperto
2080 3673 2200 3756 sit,
2239 3676 2428 3769 quod

314 3776 698 3858 Sanctitaa:
725 3779 869 3861 sua
924 3785 1207 3862 minime
1262 3789 1860 3889 dubitayeriuvd
1917 3795 2430 3892 rationabiliter

311 3922 790 3994 praesumere,
830 3908 949 3979 vel
1002 3907 1091 3978 de
1145 3903 1327 3987 Suae
1382 3903 1824 4002 Apostolicae
1870 3917 2239 4007 potestatis
2282 3921 2432 4012 ple-

312 4019 631 4096 nitudine
669 4071 689 4105 ‚
746 4038 1093 4117 quatenus
1176 4030 1394 4121 opus·
1434 4030 1692 4115 fuerit,
1749 4036 2038 4108 omnino
2103 4039 2425 4132 supplere

308 4155 733 4220 consensum
778 4146 1093 4221 omnium
1144 4159 1217 4222 et
1270 4151 1704 4244 singulorum
1757 4155 2093 4235 iuteresse
2149 4159 2428 4235 haben-

284 4261 515 4346 -tium,
552 4265 665 4340 vel
704 4267 1232 4359 quomodolibet
1254 4271 1522 4347 ‘habere
1564 4279 2168 4365 praesumentium
2215 4297 2426 4376 super

312 4375 803 4472 moecenatis.
842 4403 1022 4482 quae
1074 4390 1283 4462 modo
1338 4393 2018 4476 circumscribendae
2073 4409 2266 4480 suni·
2387 4441 2396 4453 ·
