3292 5275
869 463 1030 546 282

867 605 1295 698 poenitentes
1351 605 1464 676 die
1518 604 1928 676 eorumdem
1990 583 2347 676 sacrorum
2403 597 2791 694 Corporum
2860 621 3001 672 so-

864 725 1112 798 lemnis
1171 723 1642 819 1·cpositioniS‚
1682 728 1799 798 vel
1842 726 1977 796 alia
2034 746 2161 818 per
2214 725 2529 796 locorum
2579 718 3003 794 Ordiuarios

863 844 1256 934 indicenda,
1308 843 1602 920 confessi
1656 857 1731 918 et
1786 867 1983 918 sacro
2056 841 2319 916 Christi
2374 839 2686 936 Corpore
2748 841 3003 914 refecti

859 967 930 1040 in
985 961 1515 1060 Metropolitana
1571 965 1721 1039 sive
1781 961 2236 1038 Ambrosiana
2293 959 2797 1036 Mediolanensi
2862 957 3008 1032 Ba-

861 1087 1082 1174 silica,
1121 1088 1238 1162 vel
1277 1086 1574 1160 ubilibet
1630 1089 1950 1160 locorum
2006 1088 2081 1156 in
2137 1083 2413 1178 templis
2452 1080 2805 1156 Ambrosii
2856 1107 3009 1158 no-

855 1209 1041 1280 mine
1099 1203 1245 1280 Deo
1303 1207 1548 1282 dicatis
1625 1228 1753 1300 pro
1814 1205 2243 1280 instantibus
2328 1200 2687 1278 Ecclesiae
2744 1227 3009 1278 neces-

859 1329 1182 1404 sitatibus
1245 1329 1538 1424 eiusque
1609 1329 2033 1401 exaltatione
2068 1375 2088 1411 ,
2146 1322 2565 1400 Sanctorum
2629 1323 3003 1398 Ambrosii

858 1471 936 1520 ac
993 1443 1392 1542 Martyrum
1447 1445 1769 1523 Gervasii
1846 1471 1927 1521 ac
1984 1445 2289 1521 Protasii
2346 1447 2684 1540 suppetiis
2742 1447 3005 1540 implo-

820 1545 1077 1656 ratis,
1134 1571 1248 1664 pia
1307 1571 1485 1664 apud
1542 1565 1769 1641 Deum
1827 1592 2075 1663 preces
2132 1567 2535 1654 effuderint,
2596 1565 3001 1641 Plenariam

859 1692 1172 1764 omnium
1255 1703 1705 1784 peccatorum
1772 1690 2283 1781 indulgentiam
2334 1713 2431 1788 ‚ac
2490 1691 2997 1778 remissionem,

856 1833 1037 1906 quae
1095 1833 1217 1903 per
1273 1811 1558 1903 modum
1617 1811 1935 1908 suffragii
1984 1809 2193 1883 etiam
2252 1812 2613 1885 animabus
2672 1813 3005 1904 piacula-

859 1931 1048 2004 ribus
1107 1931 1404 2004 flammis
1462 1932 1769 2004 detentis
1860 1932 2205 2026 applicari
2262 1933 2505 2026 possit,
2561 1931 2857 2027 benigne
2918 1933 3001 2004 in

856 2045 1146 2124 Domino
1205 2064 1446 2125 tenore
1501 2052 1981 2146 praesentium
2040 2055 2517 2128 concedimuS.

1073 2167 1110 2266 S
1174 2164 1300 2244 10.
1364 2167 1711 2261 Quocirca
1750 2175 2252 2248 committimus
2282 2185 2355 2248 et
2390 2176 2803 2248 mandamus
2832 2173 3004 2248 uni-

855 2293 1086 2389 yersis
1123 2304 1195 2366 et
1234 2294 1524 2384 singulis
1565 2289 2105 2370 Venerabilibus
2133 2291 2499 2368 Fratribus
2536 2291 2813 2370 Nostris
2850 2291 2999 2368 Pa·

855 2414 1209 2500 triarchis,
1249 2409 1865 2512 ArchiepiscopiS,'
1897 2411 2301 2513 Episcopis,
2344 2417 2780 2512 caeterisque
2848 2413 2999 2490 Ec-

851 2535 1228 2622 clesiarum
1280 2531 1626 2635 Praelatis
1662 2581 1683 2622 ,
1744 2547 1823 2610 ut
1880 2551 2290 2634 praesentes
2344 2533 2649 2612 Litteras
2707 2539 2785 2610 in
2846 2538 2997 2610 suis

855 2658 1152 2751 quilibet
1233 2655 1628 2733 Provinciis
1658 2709 1688 2747 ,
1740 2654 2163 2733 Civitatibus
2217 2673 2289 2733 et
2353 2662 2527 2735 locis
2582 2658 2995 2735 solemniter

853 2779 1238 2872 pubblicari
1293 2791 1544 2877 curent
1607 2801 1696 2896 ea
1746 2780 2017 2853 meliori
2080 2782 2352 2857 ratione
2418 2804 2633 2879 quam
2688 2782 2993 2877 expedi-

854 2920 930 2974 re
988 2902 1416 3005 censuerint.
1924 2889 1935 2905 ’
2196 2997 2204 3005 .
2322 2970 2329 2977 .

1069 3017 1271 3118 lpsas
1293 3013 1583 3121 'quoque
1605 3018 1913 3120 Litteras
1951 3036 2025 3099 et
2060 3048 2544 3126 quaecumque
2574 3029 2649 3101 in
2677 3030 2781 3101 eis
2820 3052 2995 3103 con·-

855 3151 1050 3236 tenta
1107 3143 1299 3217 nullo
1376 3166 1723 3245 ,umquam
1804 3157 2121 3239 tempore
2175 3145 2262 3221 de
2312 3148 2797 3245 subreptionis
2868 3152 2993 3224 vel

852 3264 1282 3361 obreptionis
1343 3287 1469 3339 seu
1526 3269 1871 3365 nullitatis
1928 3280 2051 3343 aut
2098 3269 2566 3345 invaliditaus
2605 3270 2816 3357 vitio,
2858 3294 2991 3346 seu

853 3383 1264 3458 intentionis
1324 3381 1622 3461 Nostrae
1680 3391 1798 3461 vel
1855 3392 2001 3463 alio
2056 3392 2307 3485 quovis
2362 3393 2641 3491 defectu
2698 3396 2987 3481 notari,

851 3505 1297 3599 impugnari,
1353 3508 1472 3581 sed
1533 3531 1807 3603 semper
1862 3522 1935 3583 et
1988 3526 2328 3607 perpetuo
2382 3514 2649 3587 validas
2706 3527 2779 3587 et
2836 3518 2989 3587 effi-

853 3647 1058 3699 caces
1109 3648 1267 3701 esse
1304 3640 1376 3701 et
1415 3631 1596 3711 fore,
1631 3652 1941 3725 suosque
1982 3635 2337 3726 plenarios
2392 3647 2465 3707 et
2516 3638 2829 3729 integros
2882 3638 2992 3709 ef-

858 3750 1080 3822 fectus
1137 3752 1373 3823 sortiri
1415 3760 1486 3825 et
1528 3751 1852 3826 obtinere
1867 3778 1894 3844 3
1948 3754 2189 3854 sicque
2228 3757 2317 3829 ab
2364 3758 2693 3833 omnibus
2748 3760 2993 3833 cuius-

851 3889 1153 3965 cumque
1219 3873 1508 3963 gradus,
1549 3874 1843 3963 ordinis,
1888 3880 2491 3977 praeeminentiae
2530 3892 2601 3951 et
2638 3880 2991 3979 dignitatis

850 3990 1124 4066 censeri
1180 3994 1561 4083 volumus3.
1615 3998 2033 4072 mandantes
2086 4014 2161 4073 ut
2194 4002 2595 4088 ¹earumdem
2652 4025 2993 4097 praesen-

853 4113 1034 4187 tium
1092 4116 1554 4210 transumptis
1618 4116 1827 4210 ctiam
1873 4120 2254 4215 impressiS,
2310 4144 2523 4198 manu
2581 4136 2810 4199 tamen
2850 4128 2987 4199 ali-

850 4234 1059 4308 cuius
1115 4238 1386 4330 publici
1440 4236 1713 4339 Notarii
1770 4243 2211 4347 subscriptis,
2246 4256 2317 4319 et
2374 4246 2601 4339 sigillo
2646 4270 2981 4341 personae
