3292 5275
2235 450 2394 534 m

280 594 457 666 tione
508 591 727 684 dignis
779 593 993 664 etiam
1048 591 1179 666 sub
1239 591 1800 686 quibuscumque
1858 590 2236 666 verborum
2291 605 2394 664 te·

278 714 581 799 boribus,
634 726 708 786 et
758 711 1029 798 formis,
1085 724 1159 784 et
1210 733 1375 785 cum
1426 711 1804 806 quibusvis
1857 711 2190 785 clausulis
2225 760 2248 798 ‚
2307 733 2393 786 ac

275 833 565 906 decretis
619 833 1117 924 derogatoriis,
1176 843 1389 926 atque
1444 831 1890 905 irritantibus
1945 833 2016 904 in
2073 852 2332 924 genere
2367 881 2390 918 ,

277 955 387 1026 vel
442 955 516 1024 in
570 953 830 1048 specie,
886 953 1101 1026 etiam
1156 943 1351 1024 Motu
1412 951 1700 1044 proprio
1727 999 1750 1037 ,
1807 973 1890 1025 ac
1941 953 2030 1025 de
2084 949 2378 1044 Aposto-

270 1075 445 1146 licae
500 1073 870 1167 potestatis
923 1072 1394 1166 plenitudine,
1446 1093 1575 1144 seu
1630 1073 2252 1158 consistorialiter,
2308 1095 2395 1148 ae

274 1194 447 1268 alias
496 1193 1020 1288 quomodolibet
1048 1193 1121 1266 in
1160 1192 1587 1268 contrarium
1644 1193 2200 1287 praemissorum
2235 1217 2398 1268 con-

272 1316 517 1402 cessis,
571 1336 655 1388 ac
692 1316 956 1406 pluries
1016 1312 1461 1399 confirmatis,
1518 1315 1951 1408 approbatis,
1979 1326 2053 1388 et
2075 1308 2086 1324 ‘
2105 1316 2400 1391 innova·

272 1436 390 1508 tis.
448 1431 723 1524 Quibus
776 1435 1101 1510 omnibus
1156 1445 1228 1508 et
1276 1434 1595 1526 singulis,
1622 1434 1898 1508 etiamsi
1939 1455 2064 1527 pro
2121 1435 2396 1510 illorum

274 1555 641 1630 sufficienti
698 1555 1149 1648 derogatione
1204 1555 1291 1628 de
1350 1554 1517 1638 illis,
1572 1575 1954 1650 eorumque
2011 1556 2174 1628 totis
2205 1569 2402 1630 teno-

271 1677 467 1750 ribus
524 1675 869 1770 specialis,
908 1675 1263 1769 specifica,
1302 1695 1666 1769 expressa,
1695 1689 1768 1748 et
1799 1677 2162 1752 individua
2199 1699 2400 1752 men-

273 1799 401 1884 tio,
456 1819 583 1872 seu
637 1798 935 1892 quaevis
990 1799 1132 1871 alia
1188 1797 1549 1890 expressio
1576 1796 1670 1870 ad
1697 1795 1764 1870 id
1803 1797 2150 1872 servanda
2179 1801 2392 1882 foret,

274 1919 557 1994 illorum
610 1930 917 2002 tenores,
974 1919 1257 1998 formas,
1314 1939 1589 2002 causaS‚
1646 1929 1722 1990 et
1757 1917 2158 1993 occasiones
2195 1939 2400 2012 prae-

272 2041 595 2112 sentibus
653 2059 777 2132 pro
830 2039 1037 2130 plene
1092 2047 1163 2126 et
1218 2035 1638 2112 sufficienter
1692 2041 2078 2131 expressis,
2133 2053 2208 2114 et
2241 2064 2400 2117 exa·-

274 2159 585 2232 ctissime
640 2157 973 2243 servatis,
1028 2170 1103 2232 et
1160 2156 1577 2250 specificatis
1624 2159 2012 2252 respective
2065 2160 2400 2236 babentes

274 2281 363 2354 ad
418 2279 955 2373 praemissorum
1011 2275 1335 2351 effectum
1389 2277 1822 2369 plenissime,
1847 2289 1922 2351 et
1975 2279 2400 2374 amplissime

270 2403 715 2492 derogamus,
772 2410 845 2470 et
896 2399 1311 2490 derogatum
1366 2419 1521 2472 esse
1578 2399 1945 2484 volumus,
2001 2399 2400 2497 ceterisque

271 2521 647 2595 contrariis
697 2519 1281 2614 quibuscumque.

543 2637 805 2715 Datum
870 2635 1137 2713 Romae
1192 2641 1377 2735 apud
1430 2635 1507 2713 S.
1566 2635 1861 2716 Petrum
1917 2643 2050 2717 sub
2113 2640 2400 2719 Annulo

271 2760 653 2837 Piscatoris
716 2762 829 2835 die
885 2754 1109 2833 XXIV
1178 2756 1345 2835 Maii
1402 2756 1963 2837 MDCCCLXXI.
2029 2760 2402 2840 Pontifica-

272 2898 387 2959 tus
438 2879 675 2959 Nostri
732 2877 941 2955 Anno
997 2876 1217 2955 XXV.
2393 2934 2412 2943 -

1106 3243 1191 3323 N.
1249 3244 1459 3327 (ΖΛΜ).
1517 3246 1904 3327 ΡΑιΑαοιΑαι
1959 3248 2289 3329 Carnam

1823 4462 1968 4546 21*
