3292 5275
2282 451 2435 558 291

319 600 529 683 siam,
576 619 700 689 pro
755 619 890 692 qua
947 597 1120 676 iilud
1151 608 1264 674 est
1301 601 1371 674 in
1407 619 1628 674 eruco
1665 596 1967 676 divisum
2006 586 2109 692 (1)
2132 616 2159 682 3
2196 597 2445 670 malint

321 739 478 791 esse
538 718 944 790 obedientes
1002 711 1354 790 Ecclesiae
1413 715 1534 789 filii
1595 719 1665 790 in
1733 737 1931 790 suam
2002 716 2299 788 salutem
2374 727 2447 789 et

324 838 642 934 gloriam,
685 861 893 931 quam
948 840 1052 910 illi
1111 838 1404 911 rebelles
1463 849 1534 912 et
1589 850 2045 911 contumaces
2102 837 2174 906 in
2214 839 2451 928 perdi-

323 959 634 1046 tionem3
684 971 971 1032 utantur
1012 960 1388 1030 elementia
1425 981 1632 1054 quam
1674 960 1809 1050 ipsi
1841 952 2033 1030 Deus
2066 956 2341 1049 patiens
2378 966 2450 1028 et

319 1077 714 1150 misericors
751 1077 984 1162 offert,
1026 1079 1152 1174 qui
1191 1099 1341 1150 non
1397 1079 1550 1152 vuit
1604 1089 1896 1150 mortem
1956 1078 2152 1169 impii
2212 1077 2336 1148 sed
2372 1085 2450 1147 ut

323 1207 780 1273 convertatur
833 1209 905 1270 et
959 1200 1192 1273 vivat.
1247 1195 1398 1272 Hoc
1451 1210 1525 1271 et
1579 1219 1709 1270 vos
1786 1197 1985 1270 enixe
2048 1210 2120 1268 et
2176 1197 2447 1272 fervide

325 1340 366 1390 a
423 1314 748 1406 Domino,
787 1329 1056 1392 vestras
1109 1341 1355 1414 preces
1409 1315 1685 1393 Nostris
1738 1317 2045 1392 assiduis
2099 1318 2291 1389 votis
2328 1318 2453 1390 ad·-

327 1439 602 1525 denteS,
635 1441 1020 1533 exposcite,
1052 1435 1516 1514 venerabiles
1545 1435 1831 1512 Fratres
1866 1449 1939 1510 et
1966 1432 2219 1510 Dilecti
2247 1433 2449 1524 Filii,

325 1558 582 1650 quibus
661 1582 698 1630 a
770 1556 978 1631 Patre
1057 1560 1697 1632 misericordiarum
1782 1559 2291 1651 adprecamur‚
2373 1571 2451 1632 ut

329 1699 592 1771 auspex
629 1680 724 1752 sit
760 1680 1188 1753 fortitudinis
1227 1681 1301 1751 in
1351 1681 1701 1753 catholica
1738 1677 1871 1750 fide
1920 1690 2204 1751 strenue
2249 1691 2455 1754 tuen-

327 1798 414 1870 da
469 1821 549 1872 ac
607 1802 1022 1874 intemerate
1079 1800 1442 1873 retinenda
1476 1848 1498 1886 ,
1555 1801 1645 1871 sit
1710 1819 1969 1892 auspex
2039 1799 2322 1873 virtutis
2380 1811 2453 1872 et

330 1922 592 2012 gratiae
651 1923 723 1992 in
777 1943 860 1994 ea
915 1923 1244 1996 uberibus
1299 1921 1610 1998 iustitiae
1665 1930 1741 1996 et
1774 1921 2169 1992 sanctitatis
2209 1921 2455 1992 fructi-

327 2042 457 2113 bus
511 2043 732 2134 magis
783 2044 1144 2138 magisque
1199 2039 1741 2136 comprobanda,
1772 2041 1863 2113 sit
1921 2062 2193 2134 auspex
2248 2061 2457 2135 prae-

329 2161 485 2234 sidii
543 2173 612 2234 et
667 2167 1153 2258 protectionis,
1199 2174 1280 2235 ut
1335 2163 1616 2258 possitis
1672 2161 1744 2233 in
1799 2163 1932 2234 hac
1988 2162 2455 2254 perversitate

329 2284 587 2355 saeculi
662 2295 849 2357 stare
927 2285 1263 2356 adversus
1331 2282 1626 2355 insidias
1683 2282 1996 2368 diaboli,
2052 2277 2457 2373 Apostolica

325 2401 764 2490 Benedictio,
819 2393 1025 2500 quam
1080 2401 1272 2478 vobis
1332 2397 1649 2475 omnibus
1704 2404 1779 2473 in
1835 2404 2123 2475 nomine
2166 2398 2453 2475 Domini

327 2520 566 2597 Nostri
613 2522 772 2598 lesu
819 2522 1088 2599 Christi
1153 2533 1604 2618 peramanter
1660 2535 1729 2596 et
1790 2545 1876 2596 ex
1932 2523 2137 2596 corde
2193 2519 2459 2614 imper-

333 2644 568 2719 timus.

548 2762 806 2845 Datum
877 2762 1144 2843 Romae
1215 2766 1399 2861 apud
1471 2761 1550 2837 S.
1610 2760 1903 2841 Petrum
1976 2761 2090 2837 ‹lie
2162 2749 2453 2839 xxvn.

338 2884 746 2967 Decembris
804 2910 996 2965 anno
1060 2877 1289 2964 1873.
1355 2880 1817 2961 pontificatus
1884 2878 2123 2957 Nostri
2192 2878 2457 2957 vicesi-

331 3020 690 3087 moctavo.

1106 3242 1314 3323 Plvs
1363 3242 1508 3321 PP.
1565 3240 1691 3321 lx·

508 4346 702 4433 (us.
745 4293 1110 4420 amardus
1149 4364 1255 4429 cp.
1298 4342 1440 4415 126.
1834 4390 1839 4397 .
1897 4454 2041 4537 19*
