3292 5275
883 417 1048 503 244

879 562 1058 635 fatos
1139 555 1528 634 Canonicos
1609 583 1695 636 ac
1777 557 2179 666 Dignitates
2264 569 3005 642 excommunicationis

879 679 1206 764 maioris,
1271 701 1404 752 nec
1447 701 1602 752 non
1659 683 2078 772 privationis
2132 685 2485 760 fructuum
2542 682 3007 762 Ecclesiasti-

881 819 1123 870 corum
1179 799 1667 872 beneficiorum
1704 825 2335 898 quorumcumque,
2362 807 2805 900 aliorumque
2846 809 3007 880 red·

879 918 1152 1007 dituum
1206 916 1861 996 Ecclesiasticorum
1918 945 2041 1014 per
2096 947 2215 998 eos
2273 930 2667 1019 respective
2746 930 3009 1002 obten-

881 1063 1106 1128 torum
1145 1055 1468 1127 similiter
1501 1075 1586 1126 eo
1625 1057 1779 1147 ipso
1816 1052 2245 1126 incurrendis
2276 1053 2514 1143 poenis
2546 1051 2997 1138 innodamus,

883 1191 954 1251 et
1011 1178 1375 1250 innodatos
1431 1178 1578 1248 fore
1635 1177 2103 1258 decernimus,
2142 1186 2211 1245 ct
2256 1175 2697 1250 declaramus
2726 1200 2753 1264 ;
2806 1181 3009 1271 ipsa-

884 1321 1178 1393 rumque
1251 1319 1627 1390 poenarum
1702 1297 2211 1371 absolutionem
2284 1317 2411 1370 seu
2486 1300 3003 1374 relaxationem

883 1417 1094 1494 Nobis
1177 1431 1246 1492 et
1301 1415 1616 1490 Romano
1669 1414 1993 1492 Pontifici
2072 1441 2196 1512 pro
2272 1428 2576 1509 tempore
2652 1423 3003 1494 existenti

883 1543 1250 1616 dumtaxat
1303 1540 1703 1631 specialiter
1760 1559 2215 1612 reservamus.

1091 1659 1173 1733 ln
1223 1661 1512 1734 easdem
1567 1681 1834 1752 poenas
1875 1663 2133 1752 pariter
2172 1671 2569 1737 reservatas
2608 1665 2763 1754 ipso
2812 1665 3005 1736 facto

877 1785 1250 1857 incurrunt
1305 1783 1669 1866 nominati,
1722 1791 1797 1852 et
1854 1786 2275 1873 praesentati
2333 1787 2417 1856 ad
2485 1796 2824 1857 vacantes
2864 1781 3010 1855 Ec-

877 1906 1151 1990 clesiaS,
1207 1906 1327 1997 qui
1379 1923 1623 1975 earum
1680 1925 1939 1988 curam,
1999 1906 2346 1994 regimen,
2408 1917 2481 1978 et
2540 1905 3009 1979 administra-

881 2026 1138 2098 tionem
1189 2027 1546 2118 suscipere
1603 2026 1861 2097 audent
1914 2048 2005 2100 ex
2062 2029 2517 2099 concessione
2572 2050 2615 2098 a
2670 2023 3007 2118 Dignita-

881 2147 1068 2218 tibus
1123 2160 1196 2220 et
1247 2144 1626 2220 Canonicis
1682 2147 1994 2240 aliisque,
2034 2147 2119 2219 de
2176 2148 2430 2241 quibus
2484 2169 2731 2238 supra,
2764 2150 2841 2218 in
2882 2170 3003 2220 eos

880 2280 1258 2362 peractam,
1315 2289 1448 2339 nee
1499 2289 1640 2340 non
1698 2269 1777 2346 ii,
1832 2271 1953 2360 qui
2013 2269 2089 2340 in
2144 2269 2545 2361 praemissis
2604 2267 3009 2359 paruerint,

881 2391 1004 2464 vel
1057 2390 1415 2475 auxilium,
1471 2391 1873 2474 consilinm,
1930 2400 2051 2460 aut
2102 2393 2415 2464 favorem
2480 2391 3005 2482 praestiterint,

878 2511 1218 2603 cuiusque
1271 2523 1527 2590 status,
1581 2509 2024 2594 conditionis,
2080 2511 2707 2603 praeeminentiae,
2752 2523 2829 2584 et
2892 2511 3009 2582 di·-

883 2631 1168 2725 gnitatis
1221 2632 1507 2706 fuerint.

939 2742 945 2747 ’
1092 2749 1462 2827 Praeterea
1491 2755 1917 2837 nominatoS,
1950 2764 2024 2824 et
2048 2762 2545 2845 praesentatos
2584 2755 2770 2840 iure,
2812 2756 3009 2848 quod

877 2875 1146 2966 eis'per
1180 2874 1729 2948 nominationem
1767 2885 1841 2948 et
1879 2877 2523 2966 praesentationem
2558 2877 2743 2947 forte
2782 2898 3011 2970 quae-

878 2998 1090 3069 situm
1143 2995 1377 3079 fuerit,
1433 2996 1871 3067 decernimus
1926 3018 2012 3067 eo
2068 2998 2219 3088 ipso
2276 2995 2623 3089 privatos.

1089 3110 1164 3187 Si
1219 3136 1386 3189 vero
1442 3118 1655 3209 aliqui
1711 3138 1801 3189 ex
1858 3116 2239 3210 praedietis
2292 3114 2693 3209 Episcopali
2756 3118 3013 3191 chara-

877 3240 1064 3311 ctere
1121 3240 1263 3309 sint
1319 3238 1629 3328 insigniti
1690 3240 1763 3308 in
1814 3258 2109 3330 poenam
2146 3238 2629 3331 suspensionis
2668 3238 2755 3307 ab
2794 3260 3011 3311 exer-

877 3354 1046 3432 citio
1073 3357 1610 3442 Pontificalium‚
1641 3374 1715 3431 et
1753 3360 2105 3431 interdicti
2146 3358 2235 3429 ab
2288 3357 2600 3448 ingressu
2638 3354 3009 3432 Ecclesiae

879 3480 1034 3571 ipso
1069 3480 1279 3565 facto,
1322 3482 1764 3574 absque-ulla
1818 3478 2281 3553 declaratione
2337 3479 2691 3562 incidunt,
2732 3476 2813 3551 S.
2840 3476 3009 3551 Sedi

877 3603 1144 3691 pariter
1198 3614 1651 3676 reservatam.
1756 3622 1763 3631 ·

895 3722 906 3733 '
1087 3718 1380 3814 insuper
1431 3742 1909 3815 quaecamque
1965 3744 2005 3793 a
2060 3722 2157 3791 sie
2212 3722 2593 3794 nominatis
2648 3732 2727 3793 et
2796 3740 3005 3815 prae-

768 3913 780 3926 ,
879 3840 1171 3915 scutatis
1208 3842 1295 3916 in
1337 3844 2009 3925 administrationem
2062 3845 2475 3915 vacantium
2528 3837 3003 3915 Ecclesiam

875 3965 1166 4039 incensis
1193 3987 1201 3995 ’
1229 3965 1420 4049 fiant,
1460 3966 1911 4047 mandentur,
1950 3966 2423 4036 decernantur
2458 3976 2531 4036 et
2568 3963 3005 4037 ordinentur

872 4104 1031 4157 enm
1083 4084 1402 4159 omnibus
1437 4096 1510 4157 et
1549 4086 1847 4175 singulis
1888 4086 2053 4155 inde
2092 4086 2343 4177 quovis
2382 4084 2593 4157 modo
2642 4088 2997 4177 sequutis,

872 4219 949 4277 et
971 4202 1614 4300 quomodocumque
1645 4206 2053 4298 sequuturis
2084 4205 2367 4278 omnino
2399 4208 2621 4289 nulla,
2650 4204 3003 4287 invalida,

871 4324 1152 4412 inam„
1171 4324 1400 4413 irrita,
1423 4338 1568 4399 eta
1591 4343 1739 4399 non
1775 4324 2193 4400 habentibus
2232 4335 2663 4421 potestatem
2702 4326 3004 4399 damna-
