3292 5275
2241 490 2390 577 133

270 634 434 707 bilis
491 652 764 727 semper
815 634 1068 705 mansit
1139 644 1212 705 et
1265 631 1628 711 manebit:
1686 652 1915 724 neque
1982 632 2120 709 ullo
2185 642 2389 726 pacto

273 752 452 845 exigi
509 763 764 846 potest,
818 762 901 829 ut
955 751 1458 830 mutationibus
1513 754 1602 825 sit
1660 752 1987 833 obnoxia,
2042 754 2130 825 iis
2186 774 2395 845 prae-

269 880 509 955 sertim
565 878 640 954 in
695 880 866 955 locis
899 928 919 964 ‚
978 879 1054 950 in
1111 880 1367 973 quibus
1433 878 1715 971 propria
1778 878 2165 953 catholicae
2220 878 2393 953 reli*

269 1002 460 1093 gioni
491 1002 784 1075 libertas
815 1009 1028 1094 atque
1065 1001 1418 1075 securitas
1447 996 1925 1091 imperialibus
1960 1000 2175 1073 etiam
2209 1022 2399 1075 sum*

269 1121 368 1193 mi
424 1116 768 1215 Principis
819 1120 1118 1196 decretis
1161 1118 1442 1195 asserta
1475 1120 1632 1195 fuit.
1688 1112 1871 1193 Cum
1914 1121 2105 1193 enim
2158 1122 2399 1197 catho-

271 1242 448 1345 licae
501 1240 663 1317 fidei
717 1242 970 1336 dogma
1021 1244 1143 1327 sit,
1186 1264 1400 1315 uuam
1457 1262 1618 1315 esse
1664 1236 2082 1328 Ecclesiam,
2136 1254 2213 1317 et
2254 1240 2402 1319 Ro,

271 1384 559 1443 manum
609 1359 1026 1439 Pontificem
1063 1386 1218 1437 esse
1275 1362 1583 1439 eiusdem
1633 1374 1850 1459 caput
1882 1412 1906 1449 ,
1962 1374 2037 1438 et
2090 1368 2397 1441 omnium

273 1485 820 1565 christianorum
877 1498 1152 1580 patrem
1189 1507 1270 1559 ac
1308 1486 1659 1559 doctorem
1712 1486 2042 1573 existere,
2090 1486 2175 1560 is.
2208 1499 2397 1563 certe

272 1607 445 1683 nulli
500 1630 590 1683 ex
643 1606 1092 1694 ChristianiS,
1151 1608 1326 1681 nulli
1381 1628 1466 1680 ex
1523 1607 2005 1700 peculiaribus
2050 1605 2399 1687 christia*

273 1747 522 1805 nurum
575 1725 914 1803 Ecclesiis
989 1739 1374 1803 extraneus
1441 1727 1584 1801 dici
1652 1728 1971 1823 poterit,
2028 1729 2159 1803 nisi
2220 1729 2399 1809 forto

271 1850 431 1943 quis
486 1850 904 1924 contendere
957 1850 1200 1935 vellet,
1239 1850 1574 1922 membris
1629 1860 2053 1925 extraneum
2090 1874 2243 1925 esse
2280 1874 2401 1927 ca·-

273 1980 445 2062 put,
503 1968 661 2043 (iliis
716 1979 987 2064 patrem
1018 2020 1038 2057 ,
1093 1968 1458 2063 discipulis
1511 1972 1971 2065 magistrum,
2028 1972 2217 2069 gregi
2272 1994 2403 2068 pa-

279 2098 558 2163 storem.

379 2202 508 2287 49.
566 2206 942 2286 Caeterum
978 2213 1096 2305 qui
1137 2222 1551 2287 extraneam
1605 2214 2111 2288 auctoritatem
2164 2216 2403 2311 appel·
2446 2222 2454 2227 ”

273 2336 422 2413 lare
467 2356 606 2410 non
643 2334 970 2409 dubitant
1009 2332 1486 2428 Apostolicam
1527 2332 1806 2419 Sedem,
1844 2332 2207 2411 Ecclesiae
2246 2340 2405 2412 uni<-

275 2468 495 2529 tatem
544 2473 634 2529 ea
685 2454 1011 2549 loquendi
1069 2456 1338 2531 ratione
1393 2456 1801 2530 discindunt
1830 2504 1851 2545 ,
1908 2460 2024 2531 vel
2078 2460 2235 2533 eius
2291 2460 2403 2531 di*

273 2576 692 2652 scindendae
747 2579 1186 2652 occasionem
1241 2578 1606 2672 praebent,
1664 2581 2005 2674 quoniam
2060 2576 2143 2652 Β.
2178 2575 2399 2655 Petri

277 2701 664 2777 successori
748 2709 822 2774 et
895 2701 1182 2774 titulum
1235 2714 1308 2774 et
1365 2703 1523 2774 iura
1591 2703 2021 2776 universalis
2082 2698 2402 2776 Pastoris

275 2843 362 2896 eo
417 2823 568 2913 ipso
623 2821 1010 2916 denegant3
1061 2823 1474 2898 deficientes
1539 2823 1803 2900 idcirco
1872 2825 1985 2898 vel
2050 2847 2093 2898 a
2166 2825 2403 2910 debita

277 2942 666 3020 catholicae
719 2939 1078 3018 Ecclesiae
1125 2943 1266 3016 fide
1298 2993 1322 3027 ,
1381 2946 1436 3016 si
1493 2946 1820 3020 eiusdem
1874 2945 2043 3019 filiis
2098 2943 2233 3038 ipsi
2272 2967 2404 3020 ae»

273 3077 718 3151 censeantur,
773 3066 890 3138 vel
943 3065 1256 3138 debitam
1309 3065 1536 3138 eidem
1589 3067 1994 3138 libertatem
2050 3068 2404 3159 impeten-

277 3197 408 3273 tes,
447 3183 506 3257 si
542 3187 710 3261 foris
747 3183 914 3260 sint.
971 3181 1298 3260 Christus
1335 3187 1526 3260 enim
1563 3181 1902 3259 Dominus
1958 3197 2201 3280 aperte
2254 3197 2405 3257 tre*

278 3305 455 3382 didit
509 3295 651 3406 (1),
705 3317 780 3380 et
844 3309 1028 3382 scire
1091 3316 1167 3380 et
1221 3305 1462 3380 audire
1518 3328 1686 3390 oves
1748 3327 1999 3381 vocem
2056 3307 2398 3402 pastoris,

279 3447 585 3519 eumque
643 3428 897 3520 sequi;
951 3427 1039 3500 ab
1105 3423 1336 3502 alieno
1391 3441 1657 3500 autem.
1694 3425 1935 3521 lugere
1965 3473 1987 3514 ,
2041 3426 2212 3524 quia
2263 3445 2407 3499 non

275 3557 618 3622 noverunt
667 3569 909 3624 vocem
955 3545 1380 3620 alienorum.
1433 3545 1512 3620 Si
1551 3551 1801 3641 itaque
1839 3559 2233 3635 extmneus,
2270 3549 2405 3621 hoe

279 3681 391 3741 est
447 3670 720 3745 alienus
777 3669 983 3746 alicui
1040 3671 1384 3762 peculiari
1435 3665 1797 3745 Ecclesiae
1860 3668 2141 3749 dicatur
2196 3665 2409 3743 Sum-

279 3811 440 3867 mus
495 3786 855 3878 Pontifex,
915 3791 1144 3866 aliena
1199 3793 1492 3884 proinde
1551 3804 1622 3865 et
1678 3793 1829 3884 ipsa
1880 3793 2021 3863 erit
2072 3789 2161 3862 ab
2212 3787 2410 3884 Apo·-

277 3913 528 3991 stolice
585 3907 765 3992 Sede
797 3961 818 3998 ,
873 3915 1008 3989 hoc
1077 3925 1190 3987 est
1245 3916 1330 3986 ab
1383 3907 1709 3986 Ecclesia
1774 3911 2170 3999 catholicin
2224 3927 2407 4005 quae

283 4055 426 4114 una
481 4047 554 4110 et
609 4037 757 4110 sola
812 4045 922 4110 est
977 4057 1182 4128 super
1235 4031 1531 4109 Petrum
1583 4053 1767 4112 voce
1820 4029 2101 4107 Domini
2158 4035 2409 4107 funda·-

279 4166 378 4233 ια.
439 4151 500 4234 Α
551 4179 696 4252 qno
732 4157 1191 4234 fundamento
1227 4157 1554 4253 quicum
1607 4156 2009 4247 seiungunt,
2064 4173 2210 4228 nan
2264 4155 2403 4228 iam

441 4415 524 4503 (1)
567 4415 744 4486 lom.
787 4415 875 4487 x.
915 4415 978 4487 5.
