3292 5275
907 409 1012 491 26

904 564 1036 637 tas,
1094 551 1154 623 si
1210 573 1380 625 vero
1436 553 1822 626 communis
1889 551 2060 624 inibi
2127 550 2528 646 respective
2582 571 2816 622 mensa
2879 553 3034 625 fue-

902 674 996 743 rit
1069 673 1284 745 tertia
1358 683 1555 767 parte
1633 675 1940 746 omnium
2015 685 2088 746 et
2160 673 2592 764 singulorum
2667 673 3030 746 fructuum

902 793 1214 865 eiusdem
1267 788 1680 869 Monasterii
1737 816 1863 886 pro
1921 794 2317 887 praemissis
2375 793 2901 887 supportandis,
2958 805 3032 865 et

904 913 989 984 ad
1020 911 1588 986 sustentationem
1616 909 2475 1000 Monachorum,omnibus
2518 913 2673 984 aliis
2713 913 3030 986 deductis

904 1035 1254 1120 oneribus,
1270 1033 1467 1106 annis
1497 1034 1789 1126 singulis
1823 1036 2202 1127 impertita,
2225 1035 2312 1106 de
2349 1032 2648 1107 residuis
2669 1033 2860 1106 illius
2880 1034 3032 1108 fru-

902 1154 1133 1228 ctibus
1164 1155 1509 1230 reditibus
1547 1166 1620 1229 et
1660 1156 2120 1250 proventibus
2151 1157 2529 1250 disponere
2563 1166 2635 1227 et
2673 1155 3024 1240 ordinare,

903 1271 1624 1352 sicutiMonasterium
1656 1277 2057 1370 praefatum
2089 1277 2162 1348 in
2193 1277 2482 1350 titulum
2513 1274 3028 1368 quomodolibet

904 1396 1298 1470 obtinentes
1350 1397 1436 1469 de
1493 1399 1625 1470 illis
1685 1398 2059 1494 disponere
2117 1408 2188 1469 et
2255 1397 2579 1469 ordinare
2646 1404 3027 1489 potuerunt

902 1539 1030 1592 seu
1069 1519 1281 1591 etiam
1337 1518 1757 1605 debuerunt,
1791 1517 2224 1592 alienatione
2282 1530 2517 1590 tamen
2555 1516 3027 1612 quorumlibet

902 1637 1243 1712 bonorum
1298 1639 1758 1714 immobilium
1813 1651 1884 1712 et
1941 1639 2416 1732 pretiosorum
2452 1637 2814 1712 mobilium
2854 1635 3026 1710 dicti

898 1753 1298 1833 Monasterii
1354 1755 1518 1831 Tibi
1576 1762 1858 1854 penitus
1915 1758 2312 1847 interdicta,
2345 1755 2756 1854 Apostolica
2785 1767 3028 1831 aucto-

901 1881 1109 1952 ritate
1165 1892 1409 1954 tenore
1468 1879 1941 1974 praesentium
1997 1881 2613 1970 commendamuS,
2650 1899 2892 1954 curam
2917 1901 3030 1953 re·

899 2000 1123 2091 gimen
1179 2014 1253 2074 et
1307 2002 1976 2075 administrationem
2033 2003 2254 2097 ipsius
2294 1996 2705 2074 Monasterii
2746 1997 2905 2073 Tibi
2951 2001 3026 2072 in

898 2122 1389 2213 spiritualibus
1446 2133 1517 2196 et
1574 2123 2073 2217 temporalibus
2124 2124 2436 2217 plenarie
2495 2123 3022 2195 committendo.

898 2236 1243 2329 Quocirca
1298 2240 1595 2316 Dilectis
1655 2241 1856 2316 Filiis
1911 2240 2262 2338 Magistris
2323 2239 2706 2318 Laurentio
2733 2239 2916 2316 Nina
2951 2256 3028 2316 et

898 2357 1149 2437 Iacobo
1201 2360 1400 2437 Gallo
1458 2367 1532 2436 in
1587 2377 1887 2460 utraque
1945 2361 2316 2456 Signatura
2378 2361 2636 2438 Nostra
2689 2359 3030 2438 Referen-

898 2482 1112 2554 dariis
1167 2497 1361 2558 motu
1418 2485 1629 2558 simili
1688 2507 1811 2578 per
1840 2482 2241 2580 Apostolica
2282 2485 2546 2580 scripta
2585 2486 3026 2565 mandamus,

898 2616 1277 2701 quatenus,
1306 2603 1435 2698 ipsi
1470 2607 1583 2680 vel
1639 2629 1882 2680 eorum
1938 2607 2134 2693 alter,
2170 2629 2293 2701 per
2349 2629 2420 2680 se
2459 2609 2575 2681 vel
2615 2607 2846 2691 alium,
2888 2625 3018 2680 seu

764 2726 781 2743 '
900 2723 1075 2797 alios
1130 2721 1290 2797 Tibi
1350 2726 1426 2798 in
1482 2726 1928 2820 adipiscenda
1984 2732 2449 2822 possessione,
2483 2749 2605 2801 seu
2662 2728 2864 2823 quasi
2915 2749 3028 2802 re-

900 2846 1179 2936 giminis
1236 2860 1307 2919 et
1364 2848 1981 2923 administrationis
2042 2853 2513 2944 praefatarum
2552 2870 2636 2923 ac
2675 2850 3028 2925 bonorum

899 2966 1066 3036 dicti
1103 2961 1507 3040 Monasterii
1544 2966 1982 3042 Auctoritate
2007 2966 2267 3044 Nostra
2314 2974 2725 3062 assistentes
2765 2972 3028 3063 faciant

900 3082 1060 3157 Tibi
1116 3088 1204 3160 ab
1258 3090 1575 3161 eiusdem
1633 3086 2044 3163 Monasterii
2103 3087 2488 3166 Conventu
2559 3091 3028 3165 obedientiam

898 3215 969 3280 et
1026 3210 1480 3283 reverentiam
1536 3222 2035 3303 congruenteS,
2071 3225 2283 3305 atque
2341 3207 2704 3284 aDilectis
2760 3210 3027 3305 pariter

896 3322 1097 3400 Filiis
1137 3323 1547 3403 Monasterii
1584 3326 1947 3415 Vassallis,
1983 3334 2290 3427 aliisque
2349 3332 2645 3405 subditis
2705 3336 3026 3424 personis

896 3459 1233 3523 consueta
1288 3450 1577 3523 servitia
1630 3462 1706 3522 et
1760 3452 1914 3526 iura
1956 3448 2116 3523 Tibi
2159 3452 2245 3523 ab
2282 3454 2386 3527 eis
2457 3450 2694 3523 debita
2751 3454 3026 3544 integre

893 3569 1237 3653 exbiberi,
1270 3570 1819 3644 contradictores
1879 3568 2321 3646 Auctoritate
2358 3568 2618 3646 Nostra
2684 3576 3026 3666 praefata,

896 3692 1365 3785 appellatione
1422 3694 1835 3785 postposita,
1867 3694 2406 3785 compescendo.
2464 3688 2622 3766 Non
2687 3695 3031 3769 obstanti-

896 3810 1028 3884 bus
1111 3832 1253 3884 rec.
1312 3833 1523 3885 mem.
1580 3808 1928 3886 Bonifacii
2003 3808 2142 3884 ΡΡ.
2203 3808 2364 3887 VIII
2448 3811 3024 3888 praedecessoris

896 3953 1174 4027 quoque
1228 3928 1499 4019 Nostri,
1541 3944 1613 4006 et
1681 3934 1841 4007 aliis
1898 3926 2325 4028 Apostolicis
2377 3930 3022 4009 constitutionibus

896 4052 1172 4124 etiamsi
1209 4050 1784 4128 Provincialibus
1839 4064 1912 4127 et
1951 4050 2429 4149 Synodalibus
2455 4052 2788 4129 Conciliis
2817 4058 3024 4131 editis

896 4171 1007 4247 vel
1057 4172 1347 4246 edendis
1402 4174 1811 4270 specialibus
1862 4178 1980 4249 vel
2036 4176 2507 4269 generalibus,
2541 4198 2623 4251 ac
2660 4176 2830 4250 dicti
2871 4172 3022 4255 Μο-
