3292 5275
366 604 408 655 ».
442 585 797 673 estisqux
854 584 1217 671 munda-...v
1280 584 1378 666 sie
1416 585 1666 669 ,luceat
1746 587 1890 660 lux·
1931 596 2164 659 vestra
2245 610 2480 662 eoram

365 724 417 806 »Ξ
446 705 874 793 hominibus»,
912 716 995 779 ut
1049 706 1350 777 videant
1402 727 1613 797 opera
1669 690 1904 795 vestra
1941 708 2166 793 bona,
2206 710 2506 798 etglof-¹

368 846 412 897 ».
446 820 1056 935 rilicentPatrem
1111 838 1455 917 uestrum,
1496 827 1629 921 qui,
1675 827 1748 917 in
1785 828 1998 917 coelis
2035 840 2179 917 θῇς
2227 847 2261 899 ι
2297 830 2512 928 (med-⁸

364 966 621 1036 unum:
667 947 971 1034 maxime
1054 948 1243 1037 yalet
1316 958 1491 1020 tum.
1536 946 1621 1019 ad
1655 986 1664 1034 ·.
1699 948 2124 1033 movendos·
2169 950 2484 1037 anitnos,

368 1074 517 1154 tum,
588 1066 676 1157 ⁸5}
742 1066 1267 1157 obstruendum
1348 1088 1425 1142 os
1506 1068 1944 1162 loquentium
2023 1069 2267 1163 iniqua
2299 1116 2320 1156 ‚
2375 1090 2488 1144 se*

366 1186 667 1257 eundum
752 1186 923 1258 iilud
1007 1185 1479 1281 Apostolig...«
1533 1184 1637 1273 ln:
1697 1188 2025 1277 omnib-us
2103 1202 2171 1262 te
2237 1191 2517 1294 ipsum·

373 1326 409 1375 ιι
458 1308 751 1399 praebe·
790 1310 1215 1401 exemplum·
1266 1309 1611 1384 bonorum
1698 1330 2019 1402 operum,
2099 1310 2167 1383 in
2231 1310 2490 1386 doctri-

373 1446 570 1515 ιω,
608 1428 705 1500 iu
758 1429 1220 1519 ⁴‚integritate²
1273 1427 1339 1501 in
1424 1408 1795 1523 gravitate,
1866 1431 2156 1513 verbum
2237 1430 2486 1508 sanum

373 1568 423 1617 κ.
458 1548 1119 1641 irreprehensibile„
1154 1552 1411 1634 utsiis,
1470 1551 1590 1644 qui
1646 1573 1732 1625 ex
1787 1552 2094 1630 adverso
2165 1565 2302 1641 est,
2355 1576 2514 1639 xre-1

375 1687 409 1736 »
458 1681 687 1741 reatui·
742 1668 910 1741 nibil
968 1671 1225 1743 babens
1282 1671 1548 1743 malum
1606 1657 1841 1758 dicere
1891 1674 1980 1749 de
2023 1675 2258 1747 vobis.
2297 1670 2486 1749 »lta

366 1786 518 1874 fiet,
555 1802 633 1861 ut
688 1812 825 1864 non
881 1791 1087 1864 modo
1144 1792 1317 1885 quid
1372 1793 1716 1884 agendum
1755 1795 1847 1867 sit
1883 1792 2174 1867 videant
2217 1794 2485 1888 populi,

371 1910 491 1981 sed
548 1921 632 1985 ut
686 1924 893 2005 agant
976 1914 1239 2005 reipsa,
1295 1935 1378 1985 ae
1449 1925 1786 2007 tanquam
1849 1909 2196 2007 Apostoli,
2263 1914 2362 1987 sie
2415 1924 2489 1987 et

370 2022 511 2103 vos
566 2034 671 2106 sal
726 2020 960 2106 terrae
1026 2035 1237 2121 sitis3
1292 2034 1423 2107 hoc
1476 2046 1611 2115 est,
1652 2046 1900 2127 putore
1957 2034 2276 2128 adempto
2330 2055 2492 2128 pee-

370 2164 713 2235 catorum,
767 2177 907 2250 qua
964 2157 1181 2227 semel
1236 2155 1489 2229 imbuti
1546 2176 1674 2247 per
1731 2150 1868 2227 Vos
1948 2154 2211 2229 fuerint
2265 2156 2492 2237 homiff-

372 2298 526 2362 nes,
583 2278 775 2351 vitae
831 2297 1239 2371 morumque
1294 2278 1668 2369 integritas
1723 2274 2114 2349 diutissime
2170 2278 2492 2352 incorru-

369 2412 485 2494 pta
538 2410 887 2473 servetur.
942 2392 1131 2472 Haec
1184 2410 1352 2473 sunt
1406 2408 1569 2472 vota
1622 2391 1902 2483 Nostra,
1942 2396 2073 2471 boe
2117 2395 2276 2471 freti
2332 2402 2492 2476 vir·-

374 2530 529 2593 tute
598 2518 987 2612 studiisque
1041 2520 1322 2606 vestris,
1378 2514 1526 2593 Deo
1608 2519 2020 2607 adiuvante,
2083 2518 2490 2597 confidimus

374 2655 901 2731 consecuturos,
940 2655 1014 2713 ut
1068 2642 1419 2714 erroribus
1479 2641 1814 2736 vitiisque
1871 2641 2284 2736 profligati3‚
2342 2645 2493 2736 pie-

374 2773 517 2836 tate
571 2764 1037 2849 corroborata,
1097 2761 1389 2838 induant
1471 2759 1737 2848 fideles,
1793 2774 1874 2838 ut
1927 2761 2244 2836 bortatur
2299 2761 2494 2858 Apo·

375 2885 621 2970 stolus,
670 2909 705 2956 α
742 2884 921 2958 sieut
1002 2885 1207 2958 electi
1261 2877 1395 2955 Dei
1480 2883 1697 2958 saneti
1759 2893 1830 2956 et
1901 2881 2166 2972 dilecti,
2222 2883 2492 2960 viscera

380 3029 417 3078 n
466 3003 1030 3093 misericordiae,
1091 3003 1587 3098 benignitatem
1622 3051 1643 3090 ,
1703 3002 2207 3090 humilitatem,
2262 3006 2496 3077 mode-

390 3148 426 3198 »
474 3126 704 3209 stiam,
744 3126 1154 3220 patientiam
1210 3137 1706 3220 supportantes
1741 3121 2073 3210 invicem,
2113 3135 2188 3199 et
2224 3126 2496 3199 donan-

382 3272 417 3322 »
468 3259 575 3320 tes
630 3247 1114 3339 sibimetipsis,
1170 3244 1345 3319 sicut
1398 3256 1469 3318 et
1522 3240 1858 3320 Dominus
1911 3245 2205 3320 donavit
2260 3246 2490 3321 nobis:

381 3394 417 3444 »
464 3392 677 3465 super
730 3370 967 3444 omnia
1022 3379 1259 3441 autem
1314 3368 1684 3441 caritatem
1757 3365 2091 3452 babeant,
2149 3367 2333 3461 quod
2389 3378 2493 3440 est

382 3517 417 3567 »
464 3493 823 3570 vinculum
863 3489 1366 3586 perfectionis3
1409 3511 1443 3558 n
1492 3487 1678 3584 quod
1735 3489 2003 3562 seilicet
2055 3485 2492 3562 Christianus

378 3637 619 3690 omnes
676 3614 881 3688 simul
939 3614 1215 3686 iunctas
1288 3632 1521 3686 seeum
1576 3613 1738 3697 fert,
1795 3621 1870 3683 et
1920 3620 2288 3686 conservat
2349 3607 2497 3685 vir-

378 3748 598 3823 tutes,
656 3748 863 3830 atque
942 3734 1290 3808 bominem
1342 3727 1493 3806 Deo
1556 3732 1948 3824 coniungit,
2009 3731 2081 3804 in
2147 3753 2287 3825 quo
2351 3741 2494 3804 tota

379 3857 683 3934 bominis
740 3856 1075 3948 perfectio
1132 3866 1263 3928 est.
1320 3849 1523 3927 Hune
1596 3855 1904 3928 fruetum
1961 3852 2145 3926 sacri
2199 3847 2492 3926 lubilaei

378 3980 767 4053 maximum
820 3999 911 4052 ex
962 3970 1219 4050 Christi
1276 3971 1436 4048 lesu
1492 3967 1623 4046 Dei
1679 3993 1760 4048 ae
1813 3967 2304 4066 Redemptor-is
2371 3993 2497 4045 no-

384 4103 509 4177 stri
564 4101 864 4185 meritis,
921 4095 1477 4190 sanctorumque
1552 4096 1862 4170 omnium
1915 4105 1999 4167 ut
2051 4115 2302 4187 capere
2357 4087 2500 4166 Vo-

378 4221 491 4298 bis
548 4220 906 4314 contingat
941 4217 1257 4293 laborum
1293 4229 1746 4305 vestrorum3
1783 4215 1990 4288 buius
2027 4225 2109 4289 ut
2161 4208 2302 4287 Nos
2341 4213 2494 4290 voti

382 4357 735 4444 compotes
788 4342 999 4420 faeiat
1054 4339 1684 4416 misericordiarum
1745 4333 1952 4411 Pater
2007 4345 2078 4410 et
2141 4331 2332 4412 Deus
2387 4346 2500 4413 to-
