3292 5275
2289 498 2397 579 59

1151 752 1156 757 ι
1299 627 1370 709 8.

499 872 964 953 Recurrentes
1001 872 1086 952 ad
1127 876 1372 951 laicam
1409 886 1835 972 potestatem
1864 876 1969 950 'ad
2006 879 2399 969 impedien-

291 1000 414 1071 das
467 998 742 1071 litteras
780 999 898 1072 vel
935 1008 1092 1071 acta
1129 996 1480 1092 quaelibet
1517 1018 1554 1069 a
1591 991 1777 1069 Sede
1806 991 2245 1089 Apostolica,
2282 998 2399 1071 vel

289 1119 378 1191 ab
431 1116 746 1193 eiusdem
779 1113 1064 1210 Legatis
1099 1128 1226 1191 aut
1261 1112 1610 1209 Delegatis
1656 1116 2209 1212 quibuscumque
2250 1138 2409 1213 pro-

289 1240 474 1311 fecta
525 1258 904 1331 eorumque
957 1237 1580 1331 promulgationem
1614 1239 1736 1310 vel
1769 1236 2259 1311 executionem
2294 1237 2401 1309 di·

263 1370 484 1457 ‘recte
519 1360 637 1431 vel
675 1358 1014 1433 indirecte
1051 1358 1525 1452 prohibentes,
1563 1369 1689 1431 aut
1722 1376 1969 1431 eorum
2007 1377 2219 1432 causa
2246 1359 2401 1431 sive

289 1479 478 1572 ipsas
531 1490 772 1571 partes
804 1526 829 1563 ‚
890 1480 1044 1551 sive
1098 1479 1276 1551 alios
1325 1478 1685 1551 laedentes
1711 1526 1737 1563 ‚
1801 1478 1922 1552 vel
1983 1480 2403 1570 perterrefa-

290 1600 582 1672 cientes,

1298 1954 1378 2033 9.

497 2198 764 2277 Omnes
799 2202 1114 2277 falsarios
1151 2204 1544 2277 litterarum
1569 2199 2153 2296 Apostolieamm,
2184 2203 2404 2275 etiam

285 2324 362 2396 in
419 2324 644 2397 forma
679 2318 960 2409 Brevis,
998 2344 1076 2397 ac
1115 2323 1717 2416 supplicationum
1770 2322 2067 2415 gratiam
2121 2322 2241 2397 vel
2294 2322 2405 2395 iu-

281 2443 548 2517 stitiam
584 2444 1156 2517 concernentium
1191 2464 1320 2537 per
1355 2438 1760 2518 Romanum
1805 2439 2253 2529 Pontificem,
2289 2442 2403 2517 vel

281 2560 358 2640 S.
419 2560 510 2637 R.
567 2557 656 2635 Ε.
711 2560 1396 2640 Vico-Cancellarios
1449 2584 1574 2637 seu
1627 2558 1970 2637 Gerontes
2024 2564 2221 2636 vices
2280 2584 2405 2637 eoa

281 2707 444 2760 rum
499 2699 626 2758 aut
678 2686 767 2759 de
819 2683 1152 2758 mandato
1203 2682 1518 2758 eiusdem
1551 2681 1855 2758 Romani
1894 2680 2259 2758 Pontificis
2304 2686 2403 2758 si-

279 2817 680 2898 gnatarum:
735 2825 868 2878 nec
921 2826 1060 2878 non
1114 2805 1286 2878 falso
1341 2806 1785 2900 publicantes
1835 2800 2145 2878 Litteras
2206 2799 2409 2898 Apo-2

277 2925 593 3011 stolicas,
647 2923 862 3000 etiam
919 2926 996 2998 in
1051 2925 1276 2998 forma
1329 2921 1576 2998 Brevis
1600 2973 1624 3008 ‚
1678 2936 1752 2998 et
1802 2927 2019 2998 etiam
2070 2925 2243 2998 falso
2295 2925 2403 2998 si-

275 3057 576 3142 gnantes
627 3045 1191 3140 supplicationes
1273 3037 1695 3121 huiusmodi
1732 3045 1863 3118 sub
1922 3045 2196 3120 'nomine
2258 3041 2407 3120 Ro·-

237 3169 468 3240 ·maui
525 3163 905 3241 Pontificis
936 3213 958 3252 ,
1015 3185 1144 3240 seu
1201 3161 1821 3241 vice-Cancellarii
1886 3179 2015 3242 aut
2074 3163 2401 3242 Gereatis

275 3288 478 3361 vices
531 3284 1072 3381 praedictorum.

1276 3639 1400 3722 10.

492 3882 952 3962 Absolventcs
1006 3887 1414 3982 complicem
1468 3889 1542 3961 in
1595 3900 1889 3983 peccato
1946 3891 2133 3984 turpi
2185 3889 2403 3966 etiam

263 4008 348 4082 in
405 4009 655 4082 mortis
711 4005 1000 4082 articulo
1022 4054 1047 4095 ,
1103 4009 1165 4081 si
1220 4008 1402 4083 alius
1456 4005 1797 4084 Sacerdos
1844 4007 2015 4084 licet
2068 4032 2235 4085 uon·
2262 4011 2403 4084 axi-1

265 4128 614 4226 probatus
667 4128 756 4202 ad
809 4127 1310 4216 confessiones,
1347 4129 1502 4202 siue
1556 4131 1751 4222 gravi
1805 4130 2039 4226 aliqua
2090 4133 2403 4206 exoritu-

263 4270 350 4324 ra
411 4250 702 4324 infamia
779 4259 854 4322 et
923 4249 1254 4324 scandalo
1285 4297 1312 4332 ,
1366 4251 1592 4343 possit
1643 4251 1969 4346 excipere
2024 4250 2389 4326 morientis

265 4371 812 4446 confessionem.
