3292 5275
2220 500 2358 581 191

482 650 607 714 aut
662 636 881 711 Deum
935 639 1189 711 dixerit
1244 661 1379 713 non
1445 640 1806 714 voluntate
1861 640 1948 712 ab
1999 640 2185 713 omni
2239 662 2372 715 ne·-

249 763 585 835 cessitate
641 760 883 845 libera,
940 760 1063 832 sed
1118 771 1263 831 tam
1318 761 1730 834 necessario
1785 782 2102 847 creasse,
2159 784 2370 855 quam

252 882 663 955 necessario
720 892 909 954 amat
962 882 1335 975 seipsum3

470 1014 592 1075 aut
646 1002 979 1075 mundum
1017 1002 1103 1073 ad
1142 998 1274 1073 Dei
1323 1002 1615 1093 gloriam
1653 1002 2012 1076 conditum
2065 1018 2218 1077 esse
2255 1026 2378 1077 ne·

250 1124 591 1217 gaverit3
645 1122 1013 1196 anathema
1070 1122 1183 1197 sit.

1278 1484 1365 1558 11.

1022 1754 1099 1802 ΒΕ
1159 1752 1623 1803 avennione.

483 2084 553 2166 1.
614 2090 691 2166 Si
732 2096 885 2188 quis
924 2095 1213 2180 dixerit,
1244 2088 1472 2165 Deum
1510 2114 1724 2165 unum
1766 2103 1840 2167 et
1875 2114 2142 2180 verum,
2175 2090 2384 2169 Crea-

256 2230 493 2291 torem
530 2228 603 2289 et
639 2209 1019 2291 Dominum
1060 2225 1411 2298 nostrum,
1460 2236 1585 2307 per
1622 2238 1734 2299 ea,
1765 2236 1943 2309 quae
1979 2214 2154 2289 sacta
2193 2228 2380 2301 sunt,

256 2337 573 2413 naturali
630 2338 924 2409 rationis
960 2337 1326 2408 humanae
1364 2332 1621 2407 lumine
1651 2348 1843 2409 certo
1896 2338 2212 2431 cognosci
2242 2358 2380 2411 non

258 2478 467 2554 posse
494 2478 521 2545 3
576 2458 951 2530 anathema
1001 2457 1115 2528 sit.

478 2691 553 2771 2.
614 2695 688 2770 Si
746 2699 899 2793 quis
957 2698 1272 2783 dixerit,
1327 2697 1481 2769 fieri
1539 2719 1681 2770 non
1747 2719 1948 2792 posse
1982 2747 2003 2783 ,
2073 2711 2193 2772 aut
2249 2721 2384 2773 non

262 2819 633 2912 expedire,
676 2831 756 2893 ut
794 2841 918 2912 per
946 2820 1461 2893 revelationem
1492 2818 1800 2892 divinam
1854 2820 2064 2893 homo·
2095 2820 2178 2892 de
2205 2815 2404 2908 Deo,¹

265 2941 599 3034 cultuque
654 2941 717 3012 ei
774 2939 1160 3012 exhibendo
1215 2940 1651 3028 edoceatur3
1705 2941 2069 3013 anathema
2123 2943 2238 3014 sit.

486 3171 561 3253 3.
624 3176 701 3251 Si
757 3183 918 3276 quis
954 3182 1243 3264 dixerit,
1280 3181 1637 3253 hominem
1695 3181 1779 3253 ad
1818 3179 2280 3275 cognitionem
2316 3195 2389 3257 et

265 3301 761 3395 perfectionem
797 3349 818 3385 ,
896 3321 1077 3396 quae
1150 3301 1533 3373 naturalem
1606 3298 1901 3393 su'peret
1933 3349 1955 3386 ,
2039 3302 2384 3379 divinitus

266 3423 479 3495 evehi
536 3441 684 3492 non
740 3443 993 3514 posse,
1073 3421 1196 3494 sed
1250 3441 1335 3493 ex
1391 3421 1618 3515 seipso
1684 3421 1774 3493 ad
1827 3421 2050 3495 omnis
2108 3423 2388 3496 tandem

266 3541 421 3618 veri
486 3553 561 3614 et
617 3541 784 3614 boni
852 3543 1359 3636 possessionem
1413 3541 1555 3633 iugi
1612 3542 1922 3634 profectu
1995 3545 2387 3678 pertingere

266 3685 471 3758 posse
528 3673 603 3736 et
656 3663 961 3736 debere·
940 3711 965 3750 ‚
1018 3664 1388 3736 anathema
1442 3663 1563 3734 sit.

486 3895 561 3976 4.
594 3899 669 3975 Si
698 3905 855 3998 quis
894 3924 1135 3978 sacrae
1174 3899 1580 3997 Scripturae
1632 3903 1855 3978 libros
1891 3902 2195 3996 integros
2232 3921 2391 3978 cum

265 4027 595 4099 omnibus
650 4028 799 4098 suis
855 4025 1200 4118 partibuS,
1264 4035 1477 4118 prout
1533 4025 1690 4098 illos
1747 4037 1985 4099 sancta
2023 4020 2394 4097 Tridenti-

270 4167 357 4218 na
412 4141 743 4239 Synodus
800 4144 1179 4231 recensuit,
1238 4167 1369 4238 pro
1426 4145 1645 4220 sacris
1703 4159 1776 4220 et
1831 4147 2190 4219 canonicis
2243 4162 2404 4219 non·
2495 4195 2500 4200 -
2565 4162 2570 4168 ’

270 4278 682 4360 susceperit,
740 4276 863 4339 aut
920 4287 1041 4340 eos
1101 4265 1434 4342 divinitus
1474 4268 1850 4364 inspiratos
1887 4287 2038 4342 esse
2093 4286 2392 4364 negave-
2483 4303 2488 4309 ·

274 4390 413 4478 τίη
468 4389 842 4462 anathema
898 4389 1013 4462 sit.
