3292 5275
302 623 509 694 statis
566 623 993 716 plenitudine
1054 620 1625 715 paribusqetiam
1655 622 2270 712 consistorialiter,
2303 648 2432 701 seu

304 744 473 814 alias
530 745 603 815 in
642 744 1067 815 eontrarium
1104 738 1645 835 praemissorum
1700 745 2224 837 quomodefflibet
2259 765 2435 819 oon·-

300 863 549 945 cessis‚
604 859 1047 956 approbatis,
1106 861 1531 936 confirmatis
1584 874 1658 934 et
1717 859 2122 953 innovatis3
2171 868 2434 960 quibus

300 982 657 1057 omnibus·
684 995 759 1055 et
811 984 1140 1075 singulis,
1196 984 1475 1055 etiamsi
1533 1004 1662 1074 pro
1717 982 1992 1057 illorum
2057 988 2429 1060 sufficienti

302 1104 751 1196 derogatione
788 1106 875 1177 de
912 1104 1049 1175 illis
1084 1125 1465 1197 eorumque
1524 1103 1687 1175 totis
1742 1106 2110 1179 tenoribus
2159 1107 2430 1199 specis-‘-

300 1226 419 1307 lis‚
480 1224 833 1317 specifica,
882 1243 1205 1317 expressa
1230 1237 1319 1295 -et
1360 1225 1755 1307 individua,
1815 1246 1954 1297 non
2009 1236 2242 1298 autem
2301 1250 2426 1322 per

301 1350 663 1421 clausulas
688 1340 1045 1440 generales
1076 1348 1259 1419 idem
1274 1344 1749 1439 imponantes
1778 1349 2041 1419 mentio
2061 1360 2188 1419 aut
2215 1369 2432 1442 quae-

302 1468 417 1539 vis
472 1470 605 1540 alia
658 1469 1009 1562 expressio
1061 1467 1375 1539 habenda
1431 1479 1555 1539 aut
1603 1468 1834 1561 aliqua
1885 1469 2024 1539 alia
2081 1469 2428 1563 exquisita

302 1590 527 1661 forma
583 1589 673 1660 ad
706 1584 835 1660 hoc
874 1588 1209 1660 servanda
1266 1590 1477 1670 foret,
1523 1587 1544 1683 (
1578 1591 1864 1660 tenores
1901 1588 2307 1662 huiusmodi
2341 1612 2426 1666 ac

300 1711 362 1782 si
420 1710 513 1781 de
566 1702 781 1781 verbo
838 1710 919 1781 ad
974 1710 1267 1785 verbum
1316 1705 1417 1779 nil
1456 1707 1742 1801 penitus
1799 1710 2060 1784 omisso
2097 1712 2428 1785 etfama

298 1833 379 1902 in
438 1832 576 1901 illis
630 1832 884 1903 tradita
924 1832 1291 1902 observata
1326 1828 1570 1901 inserti
1620 1832 1888 1912 forent,
1950 1833 2428 1922 praesentibus

298 1972 431 2044 pro
466 1953 665 2044 plene
691 1961 769 2021 et
796 1942 1225 2023 sufficienter
1278 1949 2034 2040 expressis-habentes,
2075 1950 2216 2021 illis
2253 1952 2426 2027 alias

298 2072 372 2143 in
428 2094 555 2145 suo
610 2073 855 2145 robore
910 2064 1425 2167 permansuris)
1481 2069 1832 2143 latissime
1881 2082 1954 2141 et
2019 2073 2424 2164 plenissime

298 2216 379 2265 ac
436 2193 835 2285 specialiter
888 2204 961 2263 et
1010 2210 1341 2285 expresse
1396 2190 1483 2261 ad
1538 2191 1870 2264 effectum
1907 2193 2420 2283 praesentium

294 2326 369 2385 et
426 2312 809 2385 validitatis
864 2312 1175 2383 omnium
1226 2320 1299 2382 et
1374 2310 1808 2403 singulorum
1880 2309 2423 2405 praemissorum

298 2436 433 2506 hac
490 2435 651 2507 vice
702 2433 1061 2504 dumtaxat
1112 2442 1341 2514 motu,
1398 2430 1692 2503 seientia
1733 2443 1810 2502 et
1849 2433 2215 2525 potestatis
2274 2436 2426 2527 ple-

298 2544 627 2627 nitudine
665 2554 949 2647 paribus
976 2553 1226 2623 harum
1282 2572 1563 2646 quoque
1606 2553 1786 2624 serie
1823 2554 2267 2646 derogamus,
2310 2576 2424 2627 ee-

298 2677 617 2769 terisque
670 2673 1045 2752 contrariis
1099 2673 1690 2767 quibuscumque.

516 2789 859 2868 Volumus
914 2804 1149 2865 autem
1174 2840 1195 2876 ,
1262 2794 1447 2886 quod
1506 2795 1738 2866 dictus
1797 2790 2230 2888 Seraphinus
2290 2795 2426 2871 Αϊ-

296 2916 816 3010 ehiepiscopus‚
855 2917 1106 2988 eiusve
1158 2914 1660 3004 subdelegatus
1700 2914 1876 2987 infra
1915 2935 2034 3017 sex
2071 2919 2420 2992 mensium

297 3037 609 3131 spatium
662 3036 749 3107 ab
799 3036 1083 3126 expleta
1137 3030 1569 3107 Litterarum
1638 3030 2192 3128 Apostoliearum
2247 3013 2424 3112 exe-²·

296 3159 641 3252 quutione
680 3156 769 3228 ad
795 3152 1265 3247 Apostolicam
1321 3155 1493 3226 hanc
1532 3151 1861 3228 Sanctam
1893 3150 2143 3228 Sedem
2181 3179 2424 3232 exem-

299 3280 483 3372 plar,
541 3277 945 3351 authentica
1002 3277 1227 3348 forma
1290 3289 1687 3358 exaratum,
1749 3287 1900 3349 tum
1953 3277 2217 3349 decreti
2257 3299 2426 3351 exe-

298 3398 745 3495 quutorialis‚
788 3406 933 3466 tum
964 3395 1264 3468 aliorum
1320 3415 1954 3489 quorumcumque,
1995 3418 2174 3490 quae
2213 3419 2422 3491 super

296 3521 425 3591 hac
482 3539 561 3590 re
617 3518 795 3587 facta
853 3515 1113 3588 fuerint
1146 3564 1168 3600 ‚
1232 3535 1371 3587 una
1418 3503 1580 3586 'cum
1640 3516 2128 3610 topographica
2184 3517 2424 3591 charta

298 3642 519 3713 totius
582 3655 805 3710 novae
871 3635 969 3707 sic
1030 3645 1309 3707 erectae
1390 3631 1651 3710 Portus
1715 3631 1994 3708 Veteris
2060 3619 2420 3711 Dioecesis

299 3758 775 3832 transmittere
832 3766 1184 3834 teneatur,
1240 3767 1323 3828 ut
1376 3753 1659 3828 insimul
1715 3759 1790 3826 in
1843 3751 2178 3829 Archivio
2229 3753 2422 3831 Con-

296 3878 717 3975 gregationis
771 3873 1076 3949 Sanctae
1130 3870 1485 3948 Romanae
1540 3871 1900 3950 Ecclesiae
1936 3873 2420 3954 Cardinatiam

298 3999 901 4075 consistorialihus
936 3996 1234 4088 negotiis
1265 3997 1701 4090 praepositae
1739 3998 1824 4069 ad
1871 4010 2279 4092 perpetuam
2317 4003 2418 4074 rei

296 4122 711 4194 memoriam
762 4130 839 4190 et
890 4118 1409 4191 observantiam
1463 4118 1914 4212 custodiatur.

509 4234 853 4312 Volumus
908 4239 1155 4320 etiam,
1214 4237 1403 4332 quod
1461 4239 1926 4332 praesentium
1987 4235 2416 4316 Litterarum

298 4357 855 4458 Apostoliearnm
892 4348 1359 4454 transumptis
1404 4359 1616 4433 etiam
1656 4356 2034 4456 impressis,
2063 4377 2276 4454 manu
2313 4371 2418 4437 ta-
