3292 5275
888 497 1046 580 130·

878 638 1227 711 triarcbae
1265 640 1752 716 auctoritatem
1785 639 2012 732 palam
2045 648 2496 733 spreverunt,
2527 642 2994 733 abnegatum

878 769 951 831 et
988 754 1162 830 Ven.
1201 754 1317 830 Fr.
1360 754 1639 852 losephi
1681 755 2008 832 Arackial
2045 756 2379 854 Episcopi
2407 756 2809 853 Ancyrani,
2841 762 2990 855 qui,

877 878 1345 952 annuentibus
1398 873 1642 961 Nobis,
1701 878 1964 955 vicaria
2017 877 2323 954 eiusdem
2357 869 2813 961 Patriarcha'e
2867 902 2994 974 po-

874 1006 1135 1071 testate
1191 1000 1261 1069 in
1314 999 1674 1092 praedicta
1708 999 1994 1073 civitate
2031 1000 2374 1093 fungitur,
2429 1000 2846 1073 canonicam
2871 1002 2994 1095 in·

874 1116 1338 1193 risdictionem
1367 1121 1507 1193 ,ita
1540 1120 2055 1204 detrectarunt,
2099 1131 2178 1193 ut
2231 1120 2548 1193 eiusdem
2603 1100 2991 1193 sententias

874 1260 959 1311 ac
1011 1237 1343 1312 mandata
1398 1240 1513 1313 vel
1571 1260 1712 1313 non
1759 1241 2099 1333 recipere,
2141 1240 2254 1311 vel
2295 1260 2437 1312 non
2491 1259 2774 1311 servare
2829 1241 2990 1313 ausi

871 1360 1153 1433 fuerint.
1211 1357 1441 1454 Atque
1496 1382 1579 1433 eo
1632 1360 2076 1434 devenerunt
2105 1406 2128 1445 ,
2184 1370 2266 1431 ut
2317 1364 2537 1432 etiam
2601 1360 2990 1451 legitimam

872 1480 1237 1553 memorati
1273 1477 1722 1553 Patriarchae
1779 1482 2214 1565 electionem,
2255 1480 2420 1551 licet
2457 1480 2771 1551 unanimi
2811 1475 2992 1572 Epi-

773 1634 783 1647 ·
872 1622 1242 1693 scoporum
1317 1600 1647 1693 suffragio
1703 1610 2079 1693 peractam,
2151 1594 2546 1693 Nostroque
2599 1600 2864 1671 iudicio
2915 1612 2992 1672 et

872 1723 1286 1795 auctoritate
1338 1720 1824 1794 confirmatam
1860 1770 1882 1805 ,
1960 1722 2034 1793 in
2102 1721 2392 1793 dubium
2447 1740 2782 1819 revocare
2844 1742 2988 1793 non

871 1838 1352 1915 dubitaverint
1377 1890 1399 1925 ,
1454 1853 1527 1914 et
1582 1842 1968 1915 solemnem
2025 1840 2336 1911 eiusdem
2391 1838 2990 1916 commemoratio-

870 1980 1033 2035 nem
1089 1960 1163 2033 in
1215 1973 1664 2036 sacrosancto
1719 1956 1974 2033 Missae
2030 1959 2376 2033 sacrificio
2412 2007 2435 2044 ,
2493 1970 2702 2054 atque
2755 1957 2824 2030 in
2881 1960 2992 2031 di-

868 2080 1055 2155 vinis
1112 2081 1353 2154 officiis
1406 2082 1631 2171 palam
1685 2082 2184 2167 intermittere3
2237 2081 2508 2155 demum
2579 2082 2652 2151 in
2707 2082 2990 2173 privata

869 2202 1073 2275 domo
1126 2203 1347 2273 altare
1401 2213 1643 2273 contra
1701 2202 2089 2292 legitimum
2145 2202 2364 2272 altare
2401 2197 2660 2271 Christi
2715 2200 2986 2292 erigere

868 2324 1155 2395 minime
1211 2321 1818 2394 reformidaverint
1849 2368 1871 2402 ,
1926 2331 1999 2392 et
2053 2317 2446 2393 Ecclesiam
2500 2320 2760 2393 ibidem
2815 2342 2990 2395 con-

868 2444 1156 2516 stituere
1188 2491 1209 2527 ‚
1266 2465 1481 2537 quam
1536 2442 1880 2535 singulari
1936 2441 2314 2518 verborum
2375 2440 2928 2515 contradictione
2961 2490 2986 2527 ,

866 2542 1273 2636 Armeniam
1350 2562 1764 2635 catholicam
1847 2561 2434 2655 independentem
2489 2562 2986 2654 appellarunt3

868 2685 1160 2778 perinde
1216 2706 1296 2757 ac
1352 2683 1409 2756 si
1451 2685 1519 2754 in
1558 2678 1882 2754 Ecclesia
1927 2683 2272 2755 catholica
2321 2684 2568 2755 liceret
2620 2678 2985 2758 Fidelibus

868 2802 1214 2876 arbitratu
1269 2825 1399 2879 suo
1452 2804 1686 2876 vivere
1717 2852 1738 2888 ‚
1793 2813 1865 2874 et
1941 2824 2083 2875 non
2147 2803 2382 2894 potius
2448 2801 2581 2896 ipsi
2643 2803 2988 2878 deberent

866 2925 1060 2997 iuxta
1114 2921 1433 3016 Apostoli
1490 2936 1946 3016 praeceptum
2021 2923 2306 2996 obedire
2361 2923 2778 3016 praepositis
2831 2927 2984 3000 suis

863 3056 937 3117 et
990 3043 1347 3118 subiacere
1402 3046 1530 3116 εἰς.

1040 3161 1500 3247 ¹Gravissima
1557 3166 1868 3258 profecto
1927 3175 2114 3246 sunt,
2171 3159 2350 3237 Ven.
2409 3160 2680 3250 Frater,
2735 3163 2986 3239 huius-

862 3285 1051 3357 modi
1108 3279 1557 3378 improbanda
1600 3293 1794 3357 ⁶stme
1849 3286 2060 3368 facta,
2117 3305 2342 3379 eoque
2380 3281 2596 3358 Nobis
2651 3287 2984 3360 acerbio-

862 3427 963 3490 ra,
1024 3397 1394 3500 propterea
1448 3405 1636 3499 quod
1677 3427 1766 3476 ea
1801 3405 1892 3476 ab
1927 3401 2280 3481 Armeniis
2335 3408 2753 3498 praesertim
2787 3404 2984 3482 Con-

862 3524 1317 3619 stantinopoli
1372 3523 1788 3616 degentibus
1841 3525 2128 3608 minime
2165 3529 2746 3618 expectabamus,
2801 3549 2982 3622 qnos

861 3642 1266 3739 Apostolica
1304 3641 1523 3718 Sedes
1577 3643 1906 3738 singulari
1961 3669 2130 3720 cura
2189 3669 2273 3719 ac
2321 3645 2785 3720 sollicitudine
2839 3650 2998 3722 fuit.

858 3775 1131 3856 semper
1160 3776 1637 3858 prosequuta.
1699 3761 1944 3859 Neque
2021 3766 2280 3838 doloris
2331 3761 2573 3838 Nostri
2627 3768 2984 3842 acerbita-

862 3873 999 3957 te'm
1053 3886 1248 3957 satis·
1268 3885 1487 3957 lenire
1526 3883 1913 3978 potuerunt
1945 3887 2484 3978 protestationes
2538 3891 2980 3963 reverentiae

858 4016 1071 4098 atque
1126 4005 1583 4081 obedientiae·
1614 4025 1778 4098 erga
1834 4005 2016 4079 hanc
2070 4001 2225 4076 Bsni
2281 4001 2474 4078 Petri
2527 4001 2980 4092 Cathedram,

853 4139 1027 4218 quas
1078 4123 1671 4218 deprehendimus
1721 4128 1795 4196 in
1839 4127 2534 4226 expostulationibus
2587 4122 2802 4200 Nobis
2859 4149 2980 4202 ex·

851 4240 1093 4321 bibitis
1148 4267 1183 4317 a
1238 4247 1645 4320 memoratis
1701 4242 1978 4330 Laicis,
2033 4241 2362 4331 clericis,
2420 4264 2504 4320 ac
2559 4239 2974 4320 Monachis·
2949 4299 2978 4335 ‚

852 4345 1030 4468 qutie
1084 4361 1623 4465 protestationes
1663 4367 1848 4444 rutili
1887 4367 2010 4442 illa
2047 4365 2545 4464 appellationis
2585 4385 2758 4442 voce
2805 4387 2979 4446 con-
