3292 5275
842 500 1007 583 358

848 642 1039 715 bona·
1084 660 1269 735 quae
1324 650 1898 733 promoveantur,
1941 651 2374 714 assumentes
2411 642 2719 732 gladium
2773 640 2998 734 spiri-

848 775 993 849 ωε,
1045 763 1233 857 quod
1272 773 1383 835 est
1420 762 1710 834 verbum
1752 754 1912 841 Dei,
1953 781 2224 834 omnem
2263 784 2505 834 curam
2563 764 2992 855 impendite,

846 894 929 955 ut
986 884 1299 975 populus·
1343 894 1583 955 vester
1638 882 1720 953 ad
1779 882 2270 955 detestandum
2348 885 2654 954 immane
2705 884 2986 956 crimen

850 1004 1326 1095 blasphemiae
1408 995 1824 1087 adducatur,
1883 1024 2022 1096 quo
2079 998 2254 1075 nihil
2307 1013 2419 1075 est
2471 1014 2612 1075 tam
2669 1014 2987 1077 sanctum

846 1120 1039 1219 qu'od
1087 1120 1225 1196 hoc
1316 1134 1629 1217 tempore
1713 1139 1858 1195 non
1911 1124 2252 1209 violetur,
2311 1134 2533 1217 utque
2585 1124 2675 1196 de
2729 1126 2990 1198 diebus

846 1243 1045 1317 festis
1098 1257 1335 1317 sancte
1392 1245 1732 1331 colendis,
1781 1246 1868 1316 de
1928 1242 2170 1317 ieiunii
2211 1257 2283 1317 et
2341 1247 2812 1319 abstinentiae
2869 1246 2986 1319 le·-

846 1365 1049 1460 gibus
1104 1364 1189 1437 ex
1244 1358 1609 1437 Ecclesiae
1667 1360 1796 1436 Dei
1879 1366 2313 1457 praescripto
2393 1368 2764 1440 servandis
2845 1388 2984 1441 sua

850 1488 1095 1560 officia·
1140 1482 1515 1581 cognoscat
1568 1500 1639 1559 et
1695 1484 1996 1581 impleat,
2054 1499 2269 1581 atque
2325 1490 2422 1559 ita
2475 1491 2708 1561 vitare
2763 1486 2994 1582 possit

846 1619 1137 1702 poenas,
1194 1628 1370 1703 quas
1425 1610 1673 1683 harum
1729 1628 1965 1683 rerum
2021 1622 2457 1703 contemptus
2511 1610 2846 1683 evocavit
2905 1612 2984 1682 in

846 1742 1099 1805 terras·
1162 1728 1237 1803 ln
1298 1732 1562 1804 tuenda
1618 1727 1812 1804 Cleri
1890 1732 2288 1823 disciptina,
2351 1734 2425 1802 in
2501 1746 2695 1805 recta
2749 1728 2992 1805 Cleri-

850 1846 1090 1925 oorum
1150 1852 1594 1925 institutione
1651 1852 1960 1925 curanda
2001 1862 2319 1925 vestrum
2362 1855 2626 1945 pariter
2663 1854 2988 1926 studium

852 1992 935 2045 ac
976 1974 1171 2046 zetus
1230 1986 1647 2046 constanter
1703 1973 2065 2067 advigiiet,
2106 1975 2436 2068 omnique
2483 1996 2622 2068 qua
2681 1976 2988 2067 potestis

846 2096 1119 2167 ratione
1210 2098 1557 2169 auxilium
1642 2096 2174 2168 circumventae
2259 2096 2614 2168 iuventuti
2699 2092 2986 2175 afferte,

846 2212 1030 2309 quac
1088 2220 1159 2289 in
1218 2228 1483 2311 quanto
1538 2217 1939 2290 discrimine
1981 2220 2072 2290 sit
2127 2221 2387 2310 posita,
2427 2230 2502 2291 et
2553 2238 2764 2309 quam
2826 2240 2992 2309 gra-

848 2330 1219 2411 viruinae
1276 2336 1607 2422 obnoxia,
1652 2358 1690 2409 a
1729 2334 1944 2409 Vobis
2001 2362 2144 2411 non
2185 2340 2566 2432 ignoratur.
2627 2334 2776 2410 Hoc
2817 2342 2992 2412 mali

848 2478 1061 2555 genus
1118 2460 1218 2530 ita
1276 2459 1609 2531 acerbum
1668 2458 1796 2529 fuit
1850 2456 2090 2530 Divini
2178 2444 2404 2551 ipsius
2481 2456 2990 2553 Redemptor-is

848 2580 1073 2664 cordi,
1112 2590 1191 2649 ut
1232 2581 1305 2650 in
1344 2580 1494 2652 eius
1534 2592 1861 2652 auctores
1905 2596 1987 2653 ea
2024 2582 2243 2654 verba
2283 2584 2658 2675 protulerit
2705 2606 2736 2650 α
2787 2584 2994 2682 quis-

846 2701 1007 2801 quis
1056 2696 1641 2778 scandalizaverit
1692 2721 1912 2773 unum
1967 2721 2058 2774 ea:
2115 2700 2224 2774 his
2271 2701 2559 2801 pusillis
2615 2701 2990 2777 credenti-

846 2819 977 2894 bus
1052 2820 1127 2892 in
1212 2815 1353 2906 me,
1410 2817 1670 2892 bonam
1725 2833 1826 2892 est
1879 2821 1948 2893 ei
2015 2823 2242 2919 mayis
2291 2822 2359 2894 εἰ
2411 2821 2976 2898 circumdaretur

844 2939 1037 3026 mola
1068 2939 1396 3018 asinaria
1423 2939 1501 3012 in
1528 2933 1706 3012 collo
1735 2942 1891 3014 eius
1919 2956 1986 3014 et
2013 2941 2088 3014 in
2116 2963 2316 3016 mare
2343 2944 2768 3017 mitteretur.
2799 2971 2835 3014 x
2865 2939 2984 3049 (l)

846 3060 1025 3137 Nihil
1058 3075 1311 3136 'autem
1378 3058 1599 3154 magis
1657 3063 1931 3158 dignum
1971 3051 2082 3138 est
2121 3067 2296 3138 sacri
2353 3063 2644 3141 {ubilaei
2705 3080 2992 3162 tempo*

845 3205 949 3270 re,
1008 3179 1347 3279 quam'ut
1400 3187 1825 3279 omnigenae
1908 3186 2224 3259 caritatis
2299 3207 2513 3280 opera
2591 3191 2984 3283 impensius

846 3317 1345 3379 exerceantur:
1400 3323 1490 3377 ac
1545 3317 1919 3399 propterea
2001 3309 2220 3380 vestri
2304 3311 2514 3381 etiam
2599 3311 2727 3382 zeli
2813 3315 2982 3399 erit,

846 3419 1301 3499 venerabiles
1386 3421 1722 3512 Fratres,
1795 3436 1874 3499 ut
1952 3427 2420 3503 subveniatur
2501 3435 2848 3524 pauperi,
2903 3445 2987 3506 ut

844 3561 1130 3636 peccata
1197 3545 1658 3639 eleemosynis
1715 3546 2172 3637 redimantur,
2221 3571 2519 3644 quarum
2575 3563 2721 3625 tam
2785 3557 2988 3627 mul·-

848 3679 947 3740 ιι·
981 3669 1161 3741 bona
1214 3659 1285 3738 in
1340 3668 1714 3760 scripturis
1779 3671 1996 3742 sacris
2051 3681 2546 3746 recensentur:
2583 3683 2662 3746 et
2695 3697 2842 3770 quo
2879 3679 2990 3748 la-

846 3789 987 3861 tius
1034 3786 1353 3860 caritatis
1410 3787 1680 3861 fructus
1733 3801 2021 3862 maneat
2060 3811 2142 3863 ac
2177 3791 2496 3866 stabilior
2531 3798 2815 3881 evadat,
2857 3819 2990 3891 op-

846 3919 1232 4002 portunum
1292 3907 1858 3983 admodum-erit
1895 3921 1976 3984 ut
2015 3913 2332 3985 caritatis
2369 3916 2683 3988 subsidia
2723 3919 2816 3989 ad
2876 3921 2990 3989 ro-

848 4027 1092 4102 venda.
1136 4029 1255 4101 vel
1306 4025 1683 4103 excitanda
1739 4033 1856 4116 nia
1913 4031 2030 4104 illa
2088 4033 2412 4107 instituta
2493 4035 2980 4124 conferantur,

844 4164 1023 4240 quae
1075 4149 1369 4222 utilitati
1428 4137 1820 4224 animarum
1859 4163 1932 4226 et
1967 4173 2338 4248 corporum
2371 4154 2748 4248 plurimum
2807 4181 2990 4234 con-

848 4267 1103 4346 ducere
1155 4267 1289 4342 hoc
1342 4280 1656 4364 tempore
1713 4273 2236 4350 existimantur.
2289 4271 2366 4348 Si
2419 4279 2505 4350 ad
2559 4279 2736 4353 haec
2789 4281 2982 4357 bona

966 4417 1050 4504 (1)
1080 4417 1353 4490 marm
1392 4419 1454 4494 9.
1498 4415 1598 4496 21.
