3292 5275
2265 453 2424 535 295

298 612 579 703 culpam
634 632 831 684 suam
886 609 1246 683 humiliter
1316 608 1773 690 confitentes,
1829 620 1901 681 et
1967 611 2238 683 sincere
2291 609 2424 681 de-

304 740 647 805 testantes
702 730 775 803 in
830 730 1035 805 ulnas
1089 752 1255 803 suas
1308 730 1635 824 excipere
1691 722 1984 821 paratus
2038 740 2174 801 est.

516 848 894 923 Precemur
946 850 1151 943 igitur
1188 850 1503 923 universi
1560 858 1922 922 auctorem
1975 860 2048 923 et
2101 870 2429 923 consum-

304 984 645 1045 matorem
700 971 863 1042 fidei
919 982 1201 1043 nostrae
1240 967 1463 1044 lesum
1508 964 1901 1054 Christum,
1957 970 2431 1063 deprecatori-

303 1094 437 1166 bus
491 1094 678 1184 apud
732 1088 965 1185 Ipsum
1018 1092 1379 1164 humiliter
1433 1090 1764 1163 adhibitis
1819 1076 2120 1183 Deipare
2177 1086 2427 1163 Imma-

304 1214 562 1298 calata,
592 1208 829 1284 Beatis
856 1208 1354 1305 Apostolorum
1384 1206 1858 1305 Principibus,
1893 1219 1962 1283 et
2013 1205 2269 1302 Magno
2309 1210 2428 1284 illo

302 1327 681 1403 Armeniae
734 1328 1220 1404 llluminatore
1276 1326 1615 1421 Gregorio
1673 1326 1945 1403 Sancto
1970 1379 1991 1416 ,
2051 1341 2130 1402 ut
2185 1351 2434 1403 erran-

306 1452 499 1525 tibus
552 1454 793 1525 lumen
847 1464 923 1523 et
976 1452 1191 1524 robur
1264 1471 1434 1524 suae
1512 1451 1780 1541 gratiae
1837 1450 2179 1522 concedat
2211 1498 2238 1535 ,
2289 1471 2432 1543 quo

304 1573 495 1643 omni
536 1572 837 1644 humano
876 1584 1203 1664 respectu
1242 1570 1656 1663 posthabito
1679 1616 1704 1651 ,
1743 1570 1828 1641 nd
1881 1565 2272 1642 Ecclesiam
2327 1590 2428 1641 re·

304 1694 493 1765 verti
550 1694 915 1779 festinent3
966 1704 1040 1763 et
1096 1690 1181 1763 iis
1236 1692 1359 1785 qui
1416 1692 1646 1765 adhue
1703 1702 2103 1776 steterunt,
2162 1690 2430 1762 maiora

304 1834 585 1905 semper
638 1814 899 1905 gratiae
954 1814 1382 1887 incrementa
1434 1814 1800 1903 largiatur.

518 1928 729 2012 Vobis
766 1945 1025 2018 autem,
1066 1928 1243 2006 Ven.
1284 1927 1571 2007 Fratres
1626 1944 1700 2005 et
1753 1931 1986 2005 dilecti
2023 1927 2214 2013 Filii,
2249 1955 2430 2027 quos

306 2064 507 2127 tanto
558 2055 803 2126 maiori
858 2054 1201 2127 charitate
1256 2053 1822 2146 complectimur,
1861 2074 2004 2147 quo
2049 2052 2430 2125 firmiorem

304 2169 633 2251 Vestram
661 2176 1027 2259 virtutem,
1060 2168 1209 2247 Deo
1240 2173 1343 2249 sic
1372 2175 1684 2258 favente,
1715 2173 2202 2265 conspicimus,
2243 2165 2432 2265 Apo-3

306 2295 625 2368 stolieam
662 2294 1221 2367 benedictionem
1256 2316 1349 2365 ex
1386 2294 1637 2366 intimo
1676 2293 1886 2365 corde
1949 2291 2430 2385 depromptam

278 2428 379 2520 ,9²
432 2414 775 2489 uberioris
814 2436 1094 2509 semper
1130 2414 1452 2507 praesidii
1510 2415 1874 2507 auspicem
1923 2412 2212 2503 singulis
2269 2416 2432 2487 uni-

307 2536 531 2609 versis
588 2546 1037 2629 peramanter
1096 2536 1557 2629 impertimus,

429 2717 437 2724 .
518 2653 767 2728 Datum
823 2653 1087 2729 Romae
1151 2658 1337 2749 apud
1395 2652 1467 2727 S.
1525 2652 1810 2728 Petrum
1879 2655 2004 2744 die,
2065 2656 2428 2731 undecima

303 2773 747 2970 Martgxzn.
835 2771 1035 2850 Dom.
1121 2771 1680 2864 MDCCCLXXI.
1749 2771 2210 2851 Pontificatus
2285 2773 2430 2852 No-

304 2909 433 2968 stri
687 2951 701 2968 .

1074 3134 1281 3211 1>le
1335 3133 1475 3210 PP.
1538 3135 1655 3210 tx.
