<?xml version="1.0" encoding="UTF-8"?>
<!DOCTYPE html PUBLIC "-//W3C//DTD XHTML 1.0 Transitional//EN"
    "http://www.w3.org/TR/xhtml1/DTD/xhtml1-transitional.dtd">
<html xmlns="http://www.w3.org/1999/xhtml" xml:lang="en" lang="en">
 <head>
  <title>
</title>
<meta http-equiv="Content-Type" content="text/html;charset=utf-8" />
  <meta name='ocr-system' content='tesseract 3.04.00' />
  <meta name='ocr-capabilities' content='ocr_page ocr_carea ocr_par ocr_line ocrx_word'/>
</head>
<body>
  <div class='ocr_page' id='page_1' title='image "./piiixpontificis01ixgoog_0524.png"; bbox 0 0 3292 5275; ppageno 0'>
   <div class='ocr_carea' id='block_1_1' title="bbox 857 460 1020 543">
    <p class='ocr_par' dir='ltr' id='par_1_1' title="bbox 857 460 1020 543">
     <span class='ocr_line' id='line_1_1' title="bbox 857 460 1020 543; baseline 0 0"><span class='ocrx_word' id='word_1_1' title='bbox 857 460 1020 543; x_wconf 83' lang='lat'><strong>13⁰·</strong></span> 
     </span>
    </p>
   </div>
   <div class='ocr_carea' id='block_1_2' title="bbox 847 600 3003 2525">
    <p class='ocr_par' dir='ltr' id='par_1_2' title="bbox 847 600 3003 1788">
     <span class='ocr_line' id='line_1_2' title="bbox 853 600 3003 703; baseline 0.003 -28"><span class='ocrx_word' id='word_1_2' title='bbox 853 624 1102 676; x_wconf 83' lang='lat' dir='ltr'><strong>eausas</strong></span> <span class='ocrx_word' id='word_1_3' title='bbox 1157 602 1665 677; x_wconf 76' lang='lat' dir='ltr'><strong>administratio</strong></span> <span class='ocrx_word' id='word_1_4' title='bbox 1746 604 2049 697; x_wconf 78' lang='lat' dir='ltr'><strong>gerenda</strong></span> <span class='ocrx_word' id='word_1_5' title='bbox 2110 604 2345 691; x_wconf 89' lang='lat' dir='ltr'><strong>foret,</strong></span> <span class='ocrx_word' id='word_1_6' title='bbox 2416 600 2757 681; x_wconf 80' lang='lat' dir='ltr'><strong>alienatio</strong></span> <span class='ocrx_word' id='word_1_7' title='bbox 2814 628 3003 703; x_wconf 80' lang='lat' dir='ltr'><strong>per-</strong></span> 
     </span>
     <span class='ocr_line' id='line_1_3' title="bbox 851 723 2993 819; baseline 0.004 -24"><span class='ocrx_word' id='word_1_8' title='bbox 851 723 1234 797; x_wconf 80' lang='lat' dir='ltr'><strong>mittenda:</strong></span> <span class='ocrx_word' id='word_1_9' title='bbox 1289 724 1430 819; x_wconf 77' lang='lat' dir='ltr'><strong>qua</strong></span> <span class='ocrx_word' id='word_1_10' title='bbox 1485 727 1562 797; x_wconf 87' lang='lat' dir='ltr'><strong>in</strong></span> <span class='ocrx_word' id='word_1_11' title='bbox 1645 745 1723 798; x_wconf 85' lang='lat' dir='ltr'><strong>re</strong></span> <span class='ocrx_word' id='word_1_12' title='bbox 1804 724 2325 819; x_wconf 87' lang='lat' dir='ltr'><strong>circumscripta</strong></span> <span class='ocrx_word' id='word_1_13' title='bbox 2408 738 2521 801; x_wconf 85' lang='lat' dir='ltr'><strong>est</strong></span> <span class='ocrx_word' id='word_1_14' title='bbox 2584 740 2795 803; x_wconf 82' lang='lat' dir='ltr'><strong>vetus</strong></span> <span class='ocrx_word' id='word_1_15' title='bbox 2850 730 2993 804; x_wconf 87' lang='lat' dir='ltr'><strong>illa</strong></span> 
     </span>
     <span class='ocr_line' id='line_1_4' title="bbox 851 840 2995 944; baseline 0.004 -28"><span class='ocrx_word' id='word_1_16' title='bbox 851 840 1360 937; x_wconf 82' lang='lat' dir='ltr'><strong>Episcoporum</strong></span> <span class='ocrx_word' id='word_1_17' title='bbox 1429 848 1798 938; x_wconf 78' lang='lat' dir='ltr'><strong>potestas3</strong></span> <span class='ocrx_word' id='word_1_18' title='bbox 1848 857 1923 917; x_wconf 90' lang='lat' dir='ltr'><strong>et</strong></span> <span class='ocrx_word' id='word_1_19' title='bbox 1998 849 2423 939; x_wconf 84' lang='lat' dir='ltr'><strong>synodorum</strong></span> <span class='ocrx_word' id='word_1_20' title='bbox 2475 850 2595 923; x_wconf 82' lang='lat' dir='ltr'><strong>vel</strong></span> <span class='ocrx_word' id='word_1_21' title='bbox 2648 852 2995 944; x_wconf 81' lang='lat' dir='ltr'><strong>quando-</strong></span> 
     </span>
     <span class='ocr_line' id='line_1_5' title="bbox 851 962 2985 1063; baseline 0.004 -27"><span class='ocrx_word' id='word_1_22' title='bbox 851 986 990 1059; x_wconf 84' lang='lat' dir='ltr'><strong>que</strong></span> <span class='ocrx_word' id='word_1_23' title='bbox 1025 967 1368 1039; x_wconf 86' lang='lat' dir='ltr'><strong>maiorum</strong></span> <span class='ocrx_word' id='word_1_24' title='bbox 1405 962 1818 1039; x_wconf 85' lang='lat' dir='ltr'><strong>Praesulum</strong></span> <span class='ocrx_word' id='word_1_25' title='bbox 1868 968 2197 1061; x_wconf 80' lang='lat' dir='ltr'><strong>prudenti</strong></span> <span class='ocrx_word' id='word_1_26' title='bbox 2249 970 2549 1043; x_wconf 83' lang='lat' dir='ltr'><strong>arbitrio</strong></span> <span class='ocrx_word' id='word_1_27' title='bbox 2608 972 2985 1063; x_wconf 83' lang='lat' dir='ltr'><strong>permissa.</strong></span> 
     </span>
     <span class='ocr_line' id='line_1_6' title="bbox 851 1082 2993 1165; baseline 0.003 -6"><span class='ocrx_word' id='word_1_28' title='bbox 851 1082 1034 1161; x_wconf 85' lang='lat' dir='ltr'><strong>Cum</strong></span> <span class='ocrx_word' id='word_1_29' title='bbox 1085 1108 1258 1160; x_wconf 84' lang='lat' dir='ltr'><strong>vero</strong></span> <span class='ocrx_word' id='word_1_30' title='bbox 1311 1089 1481 1165; x_wconf 84' lang='lat' dir='ltr'><strong>satis</strong></span> <span class='ocrx_word' id='word_1_31' title='bbox 1535 1088 1761 1159; x_wconf 80' lang='lat' dir='ltr'><strong>adhuc</strong></span> <span class='ocrx_word' id='word_1_32' title='bbox 1819 1088 2213 1161; x_wconf 86' lang='lat' dir='ltr'><strong>consultum</strong></span> <span class='ocrx_word' id='word_1_33' title='bbox 2250 1107 2391 1161; x_wconf 88' lang='lat' dir='ltr'><strong>non</strong></span> <span class='ocrx_word' id='word_1_34' title='bbox 2448 1091 2811 1165; x_wconf 85' lang='lat' dir='ltr'><strong>videretur</strong></span> <span class='ocrx_word' id='word_1_35' title='bbox 2865 1114 2993 1165; x_wconf 85' lang='lat' dir='ltr'><strong>ec·-</strong></span> 
     </span>
     <span class='ocr_line' id='line_1_7' title="bbox 851 1207 2993 1305; baseline 0.002 -26"><span class='ocrx_word' id='word_1_36' title='bbox 851 1208 1398 1281; x_wconf 83' lang='lat' dir='ltr'><strong>elesiasticorum</strong></span> <span class='ocrx_word' id='word_1_37' title='bbox 1479 1208 1815 1281; x_wconf 87' lang='lat' dir='ltr'><strong>honorum</strong></span> <span class='ocrx_word' id='word_1_38' title='bbox 1896 1207 2339 1283; x_wconf 78' lang='lat' dir='ltr'><strong>indemnitati</strong></span> <span class='ocrx_word' id='word_1_39' title='bbox 2398 1210 2549 1283; x_wconf 80' lang='lat' dir='ltr'><strong>sive</strong></span> <span class='ocrx_word' id='word_1_40' title='bbox 2606 1214 2697 1284; x_wconf 91' lang='lat' dir='ltr'><strong>oh</strong></span> <span class='ocrx_word' id='word_1_41' title='bbox 2754 1226 2993 1305; x_wconf 79' lang='lat' dir='ltr'><strong>syno-</strong></span> 
     </span>
     <span class='ocr_line' id='line_1_8' title="bbox 849 1324 2983 1423; baseline 0.001 -21"><span class='ocrx_word' id='word_1_42' title='bbox 849 1330 1102 1402; x_wconf 88' lang='lat' dir='ltr'><strong>dorum</strong></span> <span class='ocrx_word' id='word_1_43' title='bbox 1157 1330 1671 1423; x_wconf 79' lang='lat' dir='ltr'><strong>infrequentem</strong></span> <span class='ocrx_word' id='word_1_44' title='bbox 1752 1324 2295 1401; x_wconf 79' lang='lat' dir='ltr'><strong>celebrationem</strong></span> <span class='ocrx_word' id='word_1_45' title='bbox 2326 1377 2349 1415; x_wconf 91' lang='lat'>,</span> <span class='ocrx_word' id='word_1_46' title='bbox 2420 1328 2585 1403; x_wconf 76' lang='lat' dir='ltr'><strong>sive*</strong></span> <span class='ocrx_word' id='word_1_47' title='bbox 2634 1333 2811 1403; x_wconf 85' lang='lat' dir='ltr'><strong>alias</strong></span> <span class='ocrx_word' id='word_1_48' title='bbox 2878 1336 2983 1406; x_wconf 86' lang='lat' dir='ltr'><strong>ob</strong></span> 
     </span>
     <span class='ocr_line' id='line_1_9' title="bbox 851 1446 2993 1543; baseline 0.003 -21"><span class='ocrx_word' id='word_1_49' title='bbox 851 1470 1122 1537; x_wconf 63' lang='lat' dir='ltr'><strong>eausam,</strong></span> <span class='ocrx_word' id='word_1_50' title='bbox 1163 1446 1604 1543; x_wconf 83' lang='lat' dir='ltr'><strong>Apostolicae</strong></span> <span class='ocrx_word' id='word_1_51' title='bbox 1658 1446 1870 1521; x_wconf 81' lang='lat' dir='ltr'><strong>Sedis·</strong></span> <span class='ocrx_word' id='word_1_52' title='bbox 1918 1452 2359 1524; x_wconf 69' lang='lat' dir='ltr'><strong>intercedet-&#39;e</strong></span> <span class='ocrx_word' id='word_1_53' title='bbox 2414 1454 2803 1527; x_wconf 79' lang='lat' dir='ltr'><strong>auctoritas</strong></span> <span class='ocrx_word' id='word_1_54' title='bbox 2858 1456 2993 1528; x_wconf 86' lang='lat' dir='ltr'><strong>de-</strong></span> 
     </span>
     <span class='ocr_line' id='line_1_10' title="bbox 847 1568 2983 1665; baseline 0.002 -23"><span class='ocrx_word' id='word_1_55' title='bbox 847 1573 1062 1659; x_wconf 82' lang='lat' dir='ltr'><strong>huit3</strong></span> <span class='ocrx_word' id='word_1_56' title='bbox 1111 1572 1252 1665; x_wconf 81' lang='lat' dir='ltr'><strong>‘qua</strong></span> <span class='ocrx_word' id='word_1_57' title='bbox 1305 1573 1596 1644; x_wconf 82' lang='lat' dir='ltr'><strong>cautum</strong></span> <span class='ocrx_word' id='word_1_58' title='bbox 1649 1580 1761 1642; x_wconf 77' lang='lat' dir='ltr'><strong>est</strong></span> <span class='ocrx_word' id='word_1_59' title='bbox 1814 1592 1899 1643; x_wconf 88' lang='lat' dir='ltr'><strong>ne</strong></span> <span class='ocrx_word' id='word_1_60' title='bbox 1952 1568 2402 1645; x_wconf 65' lang='lat' dir='ltr'><strong>ecelesiarum</strong></span> <span class='ocrx_word' id='word_1_61' title='bbox 2456 1576 2664 1656; x_wconf 87' lang='lat' dir='ltr'><strong>bona,</strong></span> <span class='ocrx_word' id='word_1_62' title='bbox 2722 1577 2983 1647; x_wconf 85' lang='lat' dir='ltr'><strong>incon-</strong></span> 
     </span>
     <span class='ocr_line' id='line_1_11' title="bbox 855 1700 2394 1788; baseline -0.001 -11"><span class='ocrx_word' id='word_1_63' title='bbox 855 1707 1042 1779; x_wconf 89' lang='lat' dir='ltr'><strong>sulto</strong></span> <span class='ocrx_word' id='word_1_64' title='bbox 1095 1700 1414 1779; x_wconf 88' lang='lat' dir='ltr'><strong>Romano</strong></span> <span class='ocrx_word' id='word_1_65' title='bbox 1469 1700 1837 1788; x_wconf 82' lang='lat' dir='ltr'><strong>Pontifice,</strong></span> <span class='ocrx_word' id='word_1_66' title='bbox 1897 1705 2394 1781; x_wconf 86' lang='lat' dir='ltr'><strong>alienarentur.</strong></span> 
     </span>
    </p>

    <p class='ocr_par' dir='ltr' id='par_1_3' title="bbox 853 1816 2993 2525">
     <span class='ocr_line' id='line_1_12' title="bbox 957 1816 2991 1920; baseline 0.001 -21"><span class='ocrx_word' id='word_1_67' title='bbox 957 1816 1084 1899; x_wconf 67' lang='grc'><strong>45.</strong></span> <span class='ocrx_word' id='word_1_68' title='bbox 1142 1821 1352 1914; x_wconf 84' lang='lat' dir='ltr'><strong>Quod·</strong></span> <span class='ocrx_word' id='word_1_69' title='bbox 1423 1826 1705 1920; x_wconf 88' lang='lat' dir='ltr'><strong>quidem</strong></span> <span class='ocrx_word' id='word_1_70' title='bbox 1770 1827 1853 1897; x_wconf 89' lang='lat' dir='ltr'><strong>ad</strong></span> <span class='ocrx_word' id='word_1_71' title='bbox 1917 1828 2326 1899; x_wconf 85' lang='lat' dir='ltr'><strong>earumdem</strong></span> <span class='ocrx_word' id='word_1_72' title='bbox 2394 1828 2778 1901; x_wconf 80' lang='lat' dir='ltr'><strong>utilitatem</strong></span> <span class='ocrx_word' id='word_1_73' title='bbox 2836 1841 2991 1903; x_wconf 81' lang='lat' dir='ltr'><strong>tam</strong></span> 
     </span>
     <span class='ocr_line' id='line_1_13' title="bbox 855 1934 2987 2042; baseline 0.001 -23"><span class='ocrx_word' id='word_1_74' title='bbox 855 1966 1062 2040; x_wconf 80' lang='lat' dir='ltr'><strong>grave</strong></span> <span class='ocrx_word' id='word_1_75' title='bbox 1117 1936 1192 2019; x_wconf 81' lang='lat' dir='ltr'><strong>et</strong></span> <span class='ocrx_word' id='word_1_76' title='bbox 1247 1934 1708 2019; x_wconf 81' lang='lat' dir='ltr'><strong>necessarium</strong></span> <span class='ocrx_word' id='word_1_77' title='bbox 1781 1949 2016 2019; x_wconf 85' lang='lat' dir='ltr'><strong>visum</strong></span> <span class='ocrx_word' id='word_1_78' title='bbox 2070 1958 2228 2033; x_wconf 87' lang='lat' dir='ltr'><strong>est,</strong></span> <span class='ocrx_word' id='word_1_79' title='bbox 2284 1934 2364 2022; x_wconf 79' lang='lat' dir='ltr'><strong>ut</strong></span> <span class='ocrx_word' id='word_1_80' title='bbox 2422 1950 2508 2020; x_wconf 85' lang='lat' dir='ltr'><strong>ad</strong></span> <span class='ocrx_word' id='word_1_81' title='bbox 2586 1950 2741 2023; x_wconf 91' lang='lat' dir='ltr'><strong>eius</strong></span> <span class='ocrx_word' id='word_1_82' title='bbox 2794 1950 2987 2042; x_wconf 82' lang='lat' dir='ltr'><strong>legis</strong></span> 
     </span>
     <span class='ocr_line' id='line_1_14' title="bbox 854 2048 2993 2162; baseline 0.001 -21"><span class='ocrx_word' id='word_1_83' title='bbox 854 2070 1402 2153; x_wconf 84' lang='lat' dir='ltr'><strong>observantiam,</strong></span> <span class='ocrx_word' id='word_1_84' title='bbox 1441 2068 1858 2162; x_wconf 85' lang='lat' dir='ltr'><strong>interposita</strong></span> <span class='ocrx_word' id='word_1_85' title='bbox 1894 2048 2377 2141; x_wconf 33' lang='lat' dir='ltr'><strong>iurisiurandi*</strong></span> <span class='ocrx_word' id='word_1_86' title='bbox 2412 2068 2774 2161; x_wconf 82' lang='lat' dir='ltr'><strong>religione,</strong></span> <span class='ocrx_word' id='word_1_87' title='bbox 2834 2074 2993 2143; x_wconf 83' lang='lat' dir='ltr'><strong>ele-</strong></span> 
     </span>
     <span class='ocr_line' id='line_1_15' title="bbox 853 2174 2991 2286; baseline 0.002 -25"><span class='ocrx_word' id='word_1_88' title='bbox 853 2190 1030 2262; x_wconf 78' lang='lat' dir='ltr'><strong>ctos‘</strong></span> <span class='ocrx_word' id='word_1_89' title='bbox 1061 2190 1148 2260; x_wconf 80' lang='lat' dir='ltr'><strong>ad</strong></span> <span class='ocrx_word' id='word_1_90' title='bbox 1204 2189 1634 2261; x_wconf 69' lang='lat' dir='ltr'><strong>cathedrales</strong></span> <span class='ocrx_word' id='word_1_91' title='bbox 1662 2236 1682 2274; x_wconf 90' lang='lat'><strong>,</strong></span> <span class='ocrx_word' id='word_1_92' title='bbox 1738 2188 2281 2281; x_wconf 78' lang='lat' dir='ltr'><strong>metropoliticas</strong></span> <span class='ocrx_word' id='word_1_93' title='bbox 2317 2237 2338 2273; x_wconf 93' lang='lat'>‚</span> <span class='ocrx_word' id='word_1_94' title='bbox 2398 2174 2511 2262; x_wconf 67' lang='lat' dir='ltr'><strong>v&#39;el</strong></span> <span class='ocrx_word' id='word_1_95' title='bbox 2566 2192 2783 2262; x_wconf 85' lang='lat' dir='ltr'><strong>etiam</strong></span> <span class='ocrx_word' id='word_1_96' title='bbox 2852 2214 2991 2286; x_wconf 87' lang='lat' dir='ltr'><strong>pa-</strong></span> 
     </span>
     <span class='ocr_line' id='line_1_16' title="bbox 854 2295 2991 2401; baseline 0.002 -19"><span class='ocrx_word' id='word_1_97' title='bbox 854 2300 1260 2383; x_wconf 83' lang='lat' dir='ltr'><strong>triarchales</strong></span> <span class='ocrx_word' id='word_1_98' title='bbox 1317 2304 1667 2382; x_wconf 86' lang='lat' dir='ltr'><strong>Ecclesias</strong></span> <span class='ocrx_word' id='word_1_99' title='bbox 1693 2295 2171 2401; x_wconf 59' lang='lat' dir='ltr'><strong>”obstringere</strong></span> <span class='ocrx_word' id='word_1_100' title='bbox 2228 2311 2697 2383; x_wconf 78' lang='lat' dir='ltr'><strong>sese‘dehere</strong></span> <span class='ocrx_word' id='word_1_101' title='bbox 2752 2316 2991 2388; x_wconf 90' lang='lat' dir='ltr'><strong>multo</strong></span> 
     </span>
     <span class='ocr_line' id='line_1_17' title="bbox 855 2427 2991 2525; baseline 0.001 -22"><span class='ocrx_word' id='word_1_102' title='bbox 855 2432 942 2503; x_wconf 81' lang='lat' dir='ltr'><strong>ab</strong></span> <span class='ocrx_word' id='word_1_103' title='bbox 992 2431 1154 2505; x_wconf 85' lang='lat' dir='ltr'><strong>hinc</strong></span> <span class='ocrx_word' id='word_1_104' title='bbox 1205 2442 1522 2524; x_wconf 86' lang='lat' dir='ltr'><strong>tempore</strong></span> <span class='ocrx_word' id='word_1_105' title='bbox 1579 2442 1921 2504; x_wconf 84' lang='lat' dir='ltr'><strong>statutum</strong></span> <span class='ocrx_word' id='word_1_106' title='bbox 1976 2434 2092 2504; x_wconf 89' lang='lat' dir='ltr'><strong>sit.</strong></span> <span class='ocrx_word' id='word_1_107' title='bbox 2180 2427 2269 2504; x_wconf 89' lang='lat' dir='ltr'><strong>Et</strong></span> <span class='ocrx_word' id='word_1_108' title='bbox 2324 2432 2459 2505; x_wconf 90' lang='lat' dir='ltr'><strong>hoc</strong></span> <span class='ocrx_word' id='word_1_109' title='bbox 2523 2429 2799 2525; x_wconf 88' lang='lat' dir='ltr'><strong>quidem</strong></span> <span class='ocrx_word' id='word_1_110' title='bbox 2860 2435 2991 2506; x_wconf 88' lang='lat' dir='ltr'><strong>iu-</strong></span> 
     </span>
    </p>
   </div>
   <div class='ocr_carea' id='block_1_3' title="bbox 714 2542 2988 2650">
    <p class='ocr_par' dir='ltr' id='par_1_4' title="bbox 714 2542 2988 2650">
     <span class='ocr_line' id='line_1_18' title="bbox 714 2542 2988 2650; baseline 0.001 -23"><span class='ocrx_word' id='word_1_111' title='bbox 714 2598 720 2605; x_wconf 90' lang='lat'><strong>·</strong></span> <span class='ocrx_word' id='word_1_112' title='bbox 855 2566 1244 2628; x_wconf 84' lang='lat' dir='ltr'><strong>ramentum</strong></span> <span class='ocrx_word' id='word_1_113' title='bbox 1282 2554 1362 2624; x_wconf 87' lang='lat' dir='ltr'><strong>ab</strong></span> <span class='ocrx_word' id='word_1_114' title='bbox 1392 2548 1777 2627; x_wconf 84' lang='lat' dir='ltr'><strong>Orientalis</strong></span> <span class='ocrx_word' id='word_1_115' title='bbox 1816 2542 2030 2642; x_wconf 83' lang='lat' dir='ltr'><strong>etiam</strong></span> <span class='ocrx_word' id='word_1_116' title='bbox 2068 2553 2247 2627; x_wconf 86' lang='lat' dir='ltr'><strong>ritus</strong></span> <span class='ocrx_word' id='word_1_117' title='bbox 2272 2550 2697 2625; x_wconf 72' lang='lat' dir='ltr'><strong>Pati-iarchis</strong></span> <span class='ocrx_word' id='word_1_118' title='bbox 2738 2558 2988 2650; x_wconf 87' lang='lat' dir='ltr'><strong>quoad</strong></span> 
     </span>
    </p>
   </div>
   <div class='ocr_carea' id='block_1_4' title="bbox 850 2663 2989 4458">
    <p class='ocr_par' dir='ltr' id='par_1_5' title="bbox 850 2663 2989 4458">
     <span class='ocr_line' id='line_1_19' title="bbox 850 2663 2985 2771; baseline 0.002 -23"><span class='ocrx_word' id='word_1_119' title='bbox 850 2676 1032 2749; x_wconf 89' lang='lat' dir='ltr'><strong>bona</strong></span> <span class='ocrx_word' id='word_1_120' title='bbox 1088 2695 1370 2748; x_wconf 78' lang='lat' dir='ltr'><strong>mensae</strong></span> <span class='ocrx_word' id='word_1_121' title='bbox 1407 2697 1570 2747; x_wconf 84' lang='lat' dir='ltr'><strong>suae</strong></span> <span class='ocrx_word' id='word_1_122' title='bbox 1609 2663 2017 2770; x_wconf 86' lang='lat' dir='ltr'><strong>praestitum</strong></span> <span class='ocrx_word' id='word_1_123' title='bbox 2054 2674 2291 2760; x_wconf 85' lang='lat' dir='ltr'><strong>fuisse,</strong></span> <span class='ocrx_word' id='word_1_124' title='bbox 2330 2697 2422 2748; x_wconf 82' lang='lat' dir='ltr'><strong>ex</strong></span> <span class='ocrx_word' id='word_1_125' title='bbox 2467 2700 2609 2771; x_wconf 91' lang='lat' dir='ltr'><strong>quo</strong></span> <span class='ocrx_word' id='word_1_126' title='bbox 2664 2679 2985 2770; x_wconf 87' lang='lat' dir='ltr'><strong>primum</strong></span> 
     </span>
     <span class='ocr_line' id='line_1_20' title="bbox 853 2795 2983 2870; baseline -0.001 0"><span class='ocrx_word' id='word_1_127' title='bbox 853 2798 941 2870; x_wconf 82' lang='lat' dir='ltr'><strong>ad</strong></span> <span class='ocrx_word' id='word_1_128' title='bbox 995 2799 1414 2869; x_wconf 75' lang='lat' dir='ltr'><strong>catholicam</strong></span> <span class='ocrx_word' id='word_1_129' title='bbox 1451 2797 1829 2870; x_wconf 79' lang='lat' dir='ltr'><strong>veritatem</strong></span> <span class='ocrx_word' id='word_1_130' title='bbox 1882 2805 1953 2867; x_wconf 88' lang='lat' dir='ltr'><strong>et</strong></span> <span class='ocrx_word' id='word_1_131' title='bbox 2011 2797 2345 2868; x_wconf 87' lang='lat' dir='ltr'><strong>unitatem</strong></span> <span class='ocrx_word' id='word_1_132' title='bbox 2392 2797 2795 2870; x_wconf 87' lang='lat' dir='ltr'><strong>eorumdem</strong></span> <span class='ocrx_word' id='word_1_133' title='bbox 2836 2795 2983 2870; x_wconf 87' lang='lat' dir='ltr'><strong>Ee·-</strong></span> 
     </span>
     <span class='ocr_line' id='line_1_21' title="bbox 855 2917 2971 3010; baseline -0 -19"><span class='ocrx_word' id='word_1_134' title='bbox 855 2917 1108 2991; x_wconf 80' lang='lat' dir='ltr'><strong>clesiae</strong></span> <span class='ocrx_word' id='word_1_135' title='bbox 1163 2937 1482 2990; x_wconf 82' lang='lat' dir='ltr'><strong>reversae</strong></span> <span class='ocrx_word' id='word_1_136' title='bbox 1538 2927 1706 2988; x_wconf 84' lang='lat' dir='ltr'><strong>sunt</strong></span> <span class='ocrx_word' id='word_1_137' title='bbox 1741 2966 1762 3003; x_wconf 90' lang='lat'><strong>,</strong></span> <span class='ocrx_word' id='word_1_138' title='bbox 1821 2926 1975 2988; x_wconf 86' lang='lat' dir='ltr'><strong>acta</strong></span> <span class='ocrx_word' id='word_1_139' title='bbox 2030 2925 2387 2989; x_wconf 84' lang='lat' dir='ltr'><strong>testantur</strong></span> <span class='ocrx_word' id='word_1_140' title='bbox 2440 2939 2619 3010; x_wconf 87' lang='lat' dir='ltr'><strong>quae</strong></span> <span class='ocrx_word' id='word_1_141' title='bbox 2674 2929 2835 2989; x_wconf 89' lang='lat' dir='ltr'><strong>sunt</strong></span> <span class='ocrx_word' id='word_1_142' title='bbox 2894 2921 2971 2990; x_wconf 89' lang='lat' dir='ltr'><strong>in</strong></span> 
     </span>
     <span class='ocr_line' id='line_1_22' title="bbox 853 3025 2977 3131; baseline -0.001 -17"><span class='ocrx_word' id='word_1_143' title='bbox 853 3039 1255 3131; x_wconf 83' lang='lat' dir='ltr'><strong>apostolicis</strong></span> <span class='ocrx_word' id='word_1_144' title='bbox 1311 3027 1592 3110; x_wconf 78' lang='lat' dir='ltr'><strong>Nostris</strong></span> <span class='ocrx_word' id='word_1_145' title='bbox 1641 3039 1947 3112; x_wconf 84' lang='lat' dir='ltr'><strong>archivis</strong></span> <span class='ocrx_word' id='word_1_146' title='bbox 1979 3057 2006 3125; x_wconf 84' lang='lat'>3</span> <span class='ocrx_word' id='word_1_147' title='bbox 2060 3025 2129 3108; x_wconf 78' lang='lat' dir='ltr'><strong>et</strong></span> <span class='ocrx_word' id='word_1_148' title='bbox 2186 3057 2386 3109; x_wconf 89' lang='lat' dir='ltr'><strong>nemo</strong></span> <span class='ocrx_word' id='word_1_149' title='bbox 2468 3057 2652 3111; x_wconf 88' lang='lat' dir='ltr'><strong>unus</strong></span> <span class='ocrx_word' id='word_1_150' title='bbox 2718 3059 2808 3109; x_wconf 81' lang='lat' dir='ltr'><strong>ex</strong></span> <span class='ocrx_word' id='word_1_151' title='bbox 2869 3042 2977 3111; x_wconf 86' lang='lat' dir='ltr'><strong>eis</strong></span> 
     </span>
     <span class='ocr_line' id='line_1_23' title="bbox 855 3147 2981 3254; baseline 0 -23"><span class='ocrx_word' id='word_1_152' title='bbox 855 3171 988 3244; x_wconf 84' lang='lat' dir='ltr'><strong>est,</strong></span> <span class='ocrx_word' id='word_1_153' title='bbox 1023 3161 1145 3254; x_wconf 88' lang='lat' dir='ltr'><strong>qui</strong></span> <span class='ocrx_word' id='word_1_154' title='bbox 1186 3161 1354 3253; x_wconf 81' lang='lat' dir='ltr'><strong>legis</strong></span> <span class='ocrx_word' id='word_1_155' title='bbox 1395 3149 1789 3252; x_wconf 76' lang='lat' dir='ltr'><strong>praedictae</strong></span> <span class='ocrx_word' id='word_1_156' title='bbox 1836 3147 2355 3230; x_wconf 77' lang='lat' dir='ltr'><strong>observantiam</strong></span> <span class='ocrx_word' id='word_1_157' title='bbox 2392 3160 2793 3231; x_wconf 88' lang='lat' dir='ltr'><strong>iuramento</strong></span> <span class='ocrx_word' id='word_1_158' title='bbox 2836 3180 2981 3232; x_wconf 88' lang='lat' dir='ltr'><strong>non</strong></span> 
     </span>
     <span class='ocr_line' id='line_1_24' title="bbox 855 3263 2985 3373; baseline 0.001 -23"><span class='ocrx_word' id='word_1_159' title='bbox 855 3263 1282 3373; x_wconf 66' lang='lat' dir='ltr'><strong>promiserit.</strong></span> <span class='ocrx_word' id='word_1_160' title='bbox 1343 3276 1658 3372; x_wconf 76' lang='lat' dir='ltr'><strong>idipsum</strong></span> <span class='ocrx_word' id='word_1_161' title='bbox 1740 3281 2003 3351; x_wconf 78' lang='lat' dir='ltr'><strong>factum</strong></span> <span class='ocrx_word' id='word_1_162' title='bbox 2086 3270 2195 3349; x_wconf 62' lang='lat' dir='ltr'><strong>est</strong></span> <span class='ocrx_word' id='word_1_163' title='bbox 2252 3290 2325 3350; x_wconf 76' lang='lat' dir='ltr'><strong>et</strong></span> <span class='ocrx_word' id='word_1_164' title='bbox 2380 3277 2458 3348; x_wconf 67' lang='lat' dir='ltr'><strong>nt</strong></span> <span class='ocrx_word' id='word_1_165' title='bbox 2510 3281 2831 3372; x_wconf 74' lang='lat' dir='ltr'><strong>quotidie</strong></span> <span class='ocrx_word' id='word_1_166' title='bbox 2892 3283 2985 3354; x_wconf 73' lang='lat' dir='ltr'><strong>ab</strong></span> 
     </span>
     <span class='ocr_line' id='line_1_25' title="bbox 853 3386 2985 3492; baseline 0.002 -22"><span class='ocrx_word' id='word_1_167' title='bbox 853 3395 1222 3492; x_wconf 83' lang='lat' dir='ltr'><strong>Episcopis</strong></span> <span class='ocrx_word' id='word_1_168' title='bbox 1275 3401 1480 3472; x_wconf 88' lang='lat' dir='ltr'><strong>latini</strong></span> <span class='ocrx_word' id='word_1_169' title='bbox 1566 3387 1750 3472; x_wconf 73' lang='lat' dir='ltr'><strong>ritus&#39;</strong></span> <span class='ocrx_word' id='word_1_170' title='bbox 1812 3386 2193 3472; x_wconf 76' lang='lat' dir='ltr'><strong>cuiuslibet</strong></span> <span class='ocrx_word' id='word_1_171' title='bbox 2246 3400 2479 3492; x_wconf 80' lang='lat' dir='ltr'><strong>gentis</strong></span> <span class='ocrx_word' id='word_1_172' title='bbox 2516 3451 2536 3487; x_wconf 89' lang='lat'>,</span> <span class='ocrx_word' id='word_1_173' title='bbox 2596 3403 2789 3491; x_wconf 82' lang='lat' dir='ltr'><strong>regni</strong></span> <span class='ocrx_word' id='word_1_174' title='bbox 2864 3405 2985 3477; x_wconf 86' lang='lat' dir='ltr'><strong>vel</strong></span> 
     </span>
     <span class='ocr_line' id='line_1_26' title="bbox 856 3507 2985 3615; baseline 0.001 -23"><span class='ocrx_word' id='word_1_175' title='bbox 856 3507 1279 3615; x_wconf 74' lang='lat' dir='ltr'><strong>reipublicae</strong></span> <span class='ocrx_word' id='word_1_176' title='bbox 1314 3569 1334 3604; x_wconf 93' lang='lat'>,</span> <span class='ocrx_word' id='word_1_177' title='bbox 1411 3521 1581 3614; x_wconf 90' lang='lat' dir='ltr'><strong>quin</strong></span> <span class='ocrx_word' id='word_1_178' title='bbox 1645 3540 1979 3614; x_wconf 84' lang='lat' dir='ltr'><strong>umquam</strong></span> <span class='ocrx_word' id='word_1_179' title='bbox 2034 3519 2275 3592; x_wconf 83' lang='lat' dir='ltr'><strong>civiles</strong></span> <span class='ocrx_word' id='word_1_180' title='bbox 2340 3531 2731 3613; x_wconf 84' lang='lat' dir='ltr'><strong>potestates</strong></span> <span class='ocrx_word' id='word_1_181' title='bbox 2804 3543 2985 3594; x_wconf 90' lang='lat' dir='ltr'><strong>eon-</strong></span> 
     </span>
     <span class='ocr_line' id='line_1_27' title="bbox 855 3637 2987 3736; baseline 0.001 -23"><span class='ocrx_word' id='word_1_182' title='bbox 855 3653 1144 3736; x_wconf 82' lang='lat' dir='ltr'><strong>questae</strong></span> <span class='ocrx_word' id='word_1_183' title='bbox 1207 3643 1472 3712; x_wconf 87' lang='lat' dir='ltr'><strong>fuerint</strong></span> <span class='ocrx_word' id='word_1_184' title='bbox 1537 3660 1668 3714; x_wconf 84' lang='lat' dir='ltr'><strong>sua</strong></span> <span class='ocrx_word' id='word_1_185' title='bbox 1741 3641 2005 3712; x_wconf 90' lang='lat' dir='ltr'><strong>idcirco</strong></span> <span class='ocrx_word' id='word_1_186' title='bbox 2080 3642 2233 3714; x_wconf 84' lang='lat' dir='ltr'><strong>iura</strong></span> <span class='ocrx_word' id='word_1_187' title='bbox 2306 3640 2581 3713; x_wconf 86' lang='lat' dir='ltr'><strong>violari.</strong></span> <span class='ocrx_word' id='word_1_188' title='bbox 2664 3637 2757 3711; x_wconf 87' lang='lat' dir='ltr'><strong>Et</strong></span> <span class='ocrx_word' id='word_1_189' title='bbox 2824 3663 2987 3715; x_wconf 88' lang='lat' dir='ltr'><strong>me-</strong></span> 
     </span>
     <span class='ocr_line' id='line_1_28' title="bbox 855 3749 2985 3856; baseline 0 -22"><span class='ocrx_word' id='word_1_190' title='bbox 855 3753 1059 3838; x_wconf 66' lang='lat' dir='ltr'><strong>tito:v</strong></span> <span class='ocrx_word' id='word_1_191' title='bbox 1112 3749 1224 3833; x_wconf 67' lang='lat' dir='ltr'><strong>his&#39;</strong></span> <span class='ocrx_word' id='word_1_192' title='bbox 1257 3763 1443 3833; x_wconf 91' lang='lat' dir='ltr'><strong>enim</strong></span> <span class='ocrx_word' id='word_1_193' title='bbox 1481 3759 1747 3855; x_wconf 79' lang='lat' dir='ltr'><strong>legibus</strong></span> <span class='ocrx_word' id='word_1_194' title='bbox 1786 3757 2145 3856; x_wconf 84' lang='lat' dir='ltr'><strong>Romanus</strong></span> <span class='ocrx_word' id='word_1_195' title='bbox 2191 3755 2514 3834; x_wconf 83' lang='lat' dir='ltr'><strong>Pontifex</strong></span> <span class='ocrx_word' id='word_1_196' title='bbox 2552 3763 2724 3834; x_wconf 88' lang='lat' dir='ltr'><strong>nihil</strong></span> <span class='ocrx_word' id='word_1_197' title='bbox 2773 3783 2985 3854; x_wconf 87' lang='lat' dir='ltr'><strong>prae-</strong></span> 
     </span>
     <span class='ocr_line' id='line_1_29' title="bbox 857 3873 2989 3976; baseline 0 -20"><span class='ocrx_word' id='word_1_198' title='bbox 857 3883 1085 3966; x_wconf 83' lang='lat' dir='ltr'><strong>sumit,</strong></span> <span class='ocrx_word' id='word_1_199' title='bbox 1163 3873 1332 3953; x_wconf 79' lang='lat' dir='ltr'><strong>nih&#39;il</strong></span> <span class='ocrx_word' id='word_1_200' title='bbox 1399 3883 1534 3954; x_wconf 81' lang='lat' dir='ltr'><strong>sibi</strong></span> <span class='ocrx_word' id='word_1_201' title='bbox 1599 3894 1929 3976; x_wconf 79' lang='lat' dir='ltr'><strong>arrogat3</strong></span> <span class='ocrx_word' id='word_1_202' title='bbox 1992 3883 2115 3954; x_wconf 91' lang='lat' dir='ltr'><strong>sed</strong></span> <span class='ocrx_word' id='word_1_203' title='bbox 2176 3892 2367 3956; x_wconf 88' lang='lat' dir='ltr'><strong>totus</strong></span> <span class='ocrx_word' id='word_1_204' title='bbox 2431 3882 2503 3954; x_wconf 89' lang='lat' dir='ltr'><strong>in</strong></span> <span class='ocrx_word' id='word_1_205' title='bbox 2568 3903 2655 3954; x_wconf 89' lang='lat' dir='ltr'><strong>eo</strong></span> <span class='ocrx_word' id='word_1_206' title='bbox 2716 3896 2854 3969; x_wconf 85' lang='lat' dir='ltr'><strong>cst,</strong></span> <span class='ocrx_word' id='word_1_207' title='bbox 2910 3895 2989 3956; x_wconf 92' lang='lat' dir='ltr'><strong>ut</strong></span> 
     </span>
     <span class='ocr_line' id='line_1_30' title="bbox 853 3993 2981 4097; baseline 0 -21"><span class='ocrx_word' id='word_1_208' title='bbox 853 3993 1167 4097; x_wconf 72' lang='lat' dir='ltr'><strong>&#39;spectata</strong></span> <span class='ocrx_word' id='word_1_209' title='bbox 1223 4006 1685 4078; x_wconf 81' lang='lat' dir='ltr'><strong>ecclesiarum</strong></span> <span class='ocrx_word' id='word_1_210' title='bbox 1748 4003 2051 4075; x_wconf 83' lang='lat' dir='ltr'><strong>utilitate</strong></span> <span class='ocrx_word' id='word_1_211' title='bbox 2114 4006 2232 4077; x_wconf 80' lang='lat' dir='ltr'><strong>vel</strong></span> <span class='ocrx_word' id='word_1_212' title='bbox 2302 4005 2375 4074; x_wconf 84' lang='lat' dir='ltr'><strong>in</strong></span> <span class='ocrx_word' id='word_1_213' title='bbox 2434 4003 2726 4097; x_wconf 80' lang='lat' dir='ltr'><strong>singulis</strong></span> <span class='ocrx_word' id='word_1_214' title='bbox 2792 4006 2981 4078; x_wconf 87' lang='lat' dir='ltr'><strong>casi-</strong></span> 
     </span>
     <span class='ocr_line' id='line_1_31' title="bbox 851 4117 2989 4220; baseline 0 -24"><span class='ocrx_word' id='word_1_215' title='bbox 851 4117 1004 4199; x_wconf 76' lang='lat' dir='ltr'><strong>bu&#39;s&#39;</strong></span> <span class='ocrx_word' id='word_1_216' title='bbox 1051 4123 1216 4220; x_wconf 87' lang='lat' dir='ltr'><strong>quid</strong></span> <span class='ocrx_word' id='word_1_217' title='bbox 1283 4127 1376 4196; x_wconf 81' lang='lat' dir='ltr'><strong>ab</strong></span> <span class='ocrx_word' id='word_1_218' title='bbox 1425 4121 1779 4217; x_wconf 77' lang='lat' dir='ltr'><strong>Episcopo</strong></span> <span class='ocrx_word' id='word_1_219' title='bbox 1838 4123 1991 4196; x_wconf 84' lang='lat' dir='ltr'><strong>fieri</strong></span> <span class='ocrx_word' id='word_1_220' title='bbox 2058 4125 2415 4217; x_wconf 85' lang='lat' dir='ltr'><strong>expediat,</strong></span> <span class='ocrx_word' id='word_1_221' title='bbox 2482 4123 2755 4198; x_wconf 82' lang='lat' dir='ltr'><strong>collatis</strong></span> <span class='ocrx_word' id='word_1_222' title='bbox 2812 4147 2989 4199; x_wconf 89' lang='lat' dir='ltr'><strong>con-</strong></span> 
     </span>
     <span class='ocr_line' id='line_1_32' title="bbox 855 4235 2985 4337; baseline -0 -20"><span class='ocrx_word' id='word_1_223' title='bbox 855 4235 1034 4317; x_wconf 74' lang='lat' dir='ltr'><strong>siliis</strong></span> <span class='ocrx_word' id='word_1_224' title='bbox 1108 4243 1450 4329; x_wconf 77' lang='lat' dir='ltr'><strong>definiat,</strong></span> <span class='ocrx_word' id='word_1_225' title='bbox 1517 4248 1635 4318; x_wconf 75' lang='lat' dir='ltr'><strong>vei</strong></span> <span class='ocrx_word' id='word_1_226' title='bbox 1712 4246 1875 4337; x_wconf 85' lang='lat' dir='ltr'><strong>ipsi·</strong></span> <span class='ocrx_word' id='word_1_227' title='bbox 1922 4241 2271 4337; x_wconf 82' lang='lat' dir='ltr'><strong>Episcopo</strong></span> <span class='ocrx_word' id='word_1_228' title='bbox 2324 4243 2704 4316; x_wconf 81' lang='lat' dir='ltr'><strong>definiendi</strong></span> <span class='ocrx_word' id='word_1_229' title='bbox 2766 4247 2985 4318; x_wconf 84' lang='lat' dir='ltr'><strong>faciat</strong></span> 
     </span>
     <span class='ocr_line' id='line_1_33' title="bbox 853 4357 2983 4458; baseline 0 -21"><span class='ocrx_word' id='word_1_230' title='bbox 853 4357 1303 4458; x_wconf 68' lang='lat' dir='ltr'><strong>potestatem</strong></span> <span class='ocrx_word' id='word_1_231' title='bbox 1365 4385 1506 4437; x_wconf 87' lang='lat' dir='ltr'><strong>non</strong></span> <span class='ocrx_word' id='word_1_232' title='bbox 1563 4365 1885 4448; x_wconf 82' lang='lat' dir='ltr'><strong>dissimili</strong></span> <span class='ocrx_word' id='word_1_233' title='bbox 1935 4367 2209 4438; x_wconf 87' lang='lat' dir='ltr'><strong>ratione</strong></span> <span class='ocrx_word' id='word_1_234' title='bbox 2261 4385 2347 4436; x_wconf 81' lang='lat' dir='ltr'><strong>ac</strong></span> <span class='ocrx_word' id='word_1_235' title='bbox 2412 4377 2613 4457; x_wconf 78' lang='lat' dir='ltr'><strong>pater</strong></span> <span class='ocrx_word' id='word_1_236' title='bbox 2675 4365 2983 4438; x_wconf 85' lang='lat' dir='ltr'><strong>familias</strong></span> 
     </span>
    </p>
   </div>
  </div>
 </body>
</html>
