3292 5275
842 486 1017 571 336·

1825 628 1980 708 Vll.

1046 871 1318 965 Quibus
1372 875 1473 947 ita
1526 874 1883 966 dispositis
1919 882 1992 949 et
2029 874 2456 960 constitutis,
2499 874 2730 949 voluit
2783 872 2978 949 San-

844 1000 1051 1072 ctitas
1106 992 1249 1067 Sua
1302 997 1375 1068 in
1432 992 1748 1067 Decretis
1805 1017 2132 1089 expresse
2189 1014 2446 1072 cavere
2503 1008 2716 1090 atque
2769 1014 2980 1071 man-

842 1120 1037 1201 dare,
1076 1130 1153 1191 nt
1191 1118 1481 1210 quisque
1530 1112 2004 1201 Dioeeesium,
2048 1119 2158 1191 uti
2209 1118 2507 1211 desuper
2564 1130 2970 1201 auctarum,

842 1236 1159 1311 Antistes
1231 1238 1447 1311 libere
1526 1240 1876 1331 planeque
1962 1238 2226 1322 valeat,
2283 1240 2638 1332 immoque
2711 1239 2972 1313 debeat

844 1361 1264 1433 ordinariam
1318 1380 1527 1451 super
1582 1361 1672 1430 iis
1721 1358 2286 1451 ,iurisdietionem
2339 1358 2836 1452 episcopalem,
2895 1370 2970 1431 et

845 1482 1269 1577 pastoralem
1320 1486 1557 1552 cui-am
1622 1480 2032 1554 salutariter
2085 1502 2420 1553 exercere
2443 1502 2470 1568 3
2525 1480 2774 1553 iisdem
2831 1482 2976 1552 sei-

846 1605 1013 1676 licet
1064 1602 1465 1673 observatis
1520 1612 1591 1673 et
1646 1602 1982 1674 adhibitis
2037 1602 2332 1697 legibuS‚
2389 1602 2646 1685 modiS‚
2699 1602 2974 1685 usibus,

846 1720 1231 1807 favoribus,
1292 1722 1621 1806 indultis,
1679 1723 2100 1807 bonoribus,
2141 1723 2504 1806 oneribus,
2545 1734 2618 1796 et
2673 1726 2980 1817 quibus-

846 1864 1141 1937 cumque
1196 1844 1375 1927 aliis,
1433 1864 1616 1937 quae
1677 1866 1804 1937 pro
1867 1845 2235 1935 primaevis
2291 1846 2639 1936 cuiusque
2693 1862 2778 1915 ex
2837 1844 2980 1915 illis

848 1962 1295 2039 Dioecesibus
1370 1963 1703 2048 subditis,
1763 1965 1938 2036 locis
2005 1977 2076 2036 ct
2155 1964 2364 2037 rebus
2440 1965 2976 2059 quomodolibet

847 2097 919 2160 et
996 2086 1579 2181 quandocumque
1661 2086 1926 2158 fuerint
2009 2086 2350 2157 haetenus
2433 2084 2771 2169 adbibita,
2857 2088 2976 2159 vel

846 2208 1181 2298 deinceps
1232 2204 1539 2296 legitime
1612 2205 2034 2292 adhibenda,
2093 2207 2182 2279 iis
2239 2218 2730 2281 verumtamen
2815 2228 2982 2299 spe-

848 2324 1119 2401 cialiter
1176 2327 1585 2411 reservatis,
1626 2344 1804 2421 quae
1841 2326 2170 2399 videlieet
2227 2330 2588 2419 peculiare
2625 2346 2752 2399 seu
2810 2348 2978 2421 per-

849 2451 1087 2522 sonale
1142 2426 1627 2541 praeseferant
1669 2448 2064 2523 indultum.

1828 2624 2008 2706 vm.

858 2849 872 2858 ·
951 2837 962 2845 ·
1018 2807 1405 2885 Neruae
1429 2831 1788 2884 converso
1827 2810 2080 2904 singuli
2129 2810 2348 2887 etiam
2392 2805 2816 2886 Dioeeesani
2877 2816 2984 2888 uti

852 2931 1063 3028 supra
1118 2931 1880 3025 noviter-aggregandi
1937 2942 2316 3006 teneantur
2352 2953 2576 3025 aeque
2615 2955 2698 3006 ac
2753 2935 2982 3006 ceteri

856 3055 1265 3149 primaevae
1320 3053 1603 3147 originis
1657 3047 2078 3124 Dioecesani
2147 3055 2297 3145 pari
2354 3054 2630 3128 ratione
2685 3055 2982 3148 parique

856 3176 1061 3248 modo
1118 3173 1420 3246 debitam
1478 3195 1603 3245 suo
1641 3173 1892 3265 cuique
1948 3169 2229 3244 suffecto
2268 3168 2590 3244 Antistiti
2644 3195 2988 3246 reveren·-

688 3305 721 3370 .‘
862 3297 1025 3370 tiam
1082 3308 1155 3370 et
1208 3295 1736 3370 observantiam
1791 3304 2192 3386 praestare3
2229 3305 2440 3386 atque
2496 3295 2669 3367 adeo
2731 3295 2991 3367 simili-

853 3421 969 3490 ter
1020 3430 1183 3508 unga
1238 3416 1421 3491 illius
1474 3427 1758 3509 quoque
1811 3409 2098 3488 Curiam
2135 3423 2210 3486 et
2263 3409 2776 3488 cancellariam
2831 3420 2988 3490 ani-

857 3558 973 3610 mo
1024 3557 1249 3630 aequo
1302 3538 1690 3629 libentique
1757 3546 2171 3610 consuetam
2223 3551 2739 3631 quamcumque
2821 3537 2986 3612 offi-

846 3658 1133 3734 ciorum
1186 3670 1262 3733 et
1312 3659 1625 3732 munium
1679 3654 1872 3731 obire
1921 3655 2490 3733 satisfactionem.

1868 3833 1988 3914 IX.

1062 3931 1075 3970 i

1074 4014 1295 4092 Porro
1331 4017 1455 4092 ubi
1488 4019 1660 4092 haec
1716 4019 2313 4111 praesignatamm
2365 4014 2812 4093 Dioeeesium
2851 4019 2992 4094 dis—

852 4139 1286 4221 membratio
1335 4153 1413 4213 et
1492 4141 1958 4230 incorporatio
2031 4142 2351 4214 confecta
2435 4140 2668 4226 fuerit,
2725 4163 2990 4214 euran-

846 4263 1039 4336 -dum
1094 4271 1277 4346 esto,
1332 4272 1410 4336 ut
1463 4262 1702 4336 omnia
1758 4272 1926 4335 tunc
1981 4261 2444 4336 iustrumenta
2499 4273 2572 4335 et
2627 4263 2986 4356 quaelibet

870 4383 1312 4470 documenta,
1388 4384 1752 4478 speciatim
1833 4381 2286 4476 respicientia
2359 4381 2806 4474 singularum
2881 4383 2984 4456 uti
