3292 5275
877 434 1036 528 308

878 582 1026 654 siae
1082 581 1296 674 regio,
1352 580 1556 652 cuius
1595 578 2073 650 ecclesiastica
2112 576 2411 650 historia
2452 575 2759 668 plurima
2802 577 3005 648 exhi-

877 701 998 772 bet
1035 711 1486 773 monumenta
1525 697 1685 770 fidei
1726 708 1799 770 et
1837 674 2151 794 virtutis,
2180 719 2379 790 quam
2422 699 2619 789 plura
2658 691 3007 770 Christia-

880 831 1122 892 norum
1157 822 1374 892 millia
1414 820 1867 893 nobilissimis
1900 821 2263 910 martyriis
2302 820 2764 890 illustrarunt.
2798 815 2999 908 Quos

877 942 1156 1034 quidem
1213 943 1398 1032 apud
1457 937 1682 1014 Deum
1738 941 2259 1011 interventores
2328 940 2475 1010 l'ore
2533 940 3001 1026 confidimus,

882 1072 958 1133 ut
1013 1063 1086 1132 in
1125 1083 1208 1133 ea
1251 1063 1569 1152 regione,
1611 1061 2158 1153 quamglorioso
2214 1061 2561 1149 sanguine
2618 1081 2747 1150 pro
2794 1056 3007 1132 Chri-

882 1184 972 1253 sti
1030 1183 1310 1255 nominc
1367 1181 1588 1254 effuso
1647 1182 2105 1264 decorarunt,
2146 1177 2589 1252 Christianae
2650 1177 2845 1252 Fidei
2904 1184 3007 1254 in-

883 1306 1197 1398 tegritas,
1253 1313 1326 1375 et
1387 1299 1751 1374 Catholica
1809 1301 2077 1385 unitas,
2136 1303 2275 1373 iam
2330 1303 2661 1372 diuturno
2726 1302 3003 1376 l'unesto

883 1424 1250 1497 schismate
1307 1421 1711 1508 dilacerata,
1750 1432 1821 1495 et
1858 1422 2270 1493 haeresibus
2306 1423 2843 1504 commaculata,
2888 1445 3007 1514 pe-

883 1547 1107 1629 nituS,
1167 1555 1376 1636 atque
1416 1543 1486 1614 in
1541 1546 1891 1636 integrum
1924 1541 2437 1618 restituantur.
2496 1537 2757 1614 Multos
2812 1544 3005 1615 enim

883 1665 1214 1736 novimus
1272 1665 1422 1736 sive
1457 1658 1841 1748 Catholici,
1884 1662 2035 1734 sive
2074 1659 2391 1734 Armenii
2452 1661 2625 1733 ritus
2660 1655 3007 1736 Christia-

881 1805 1009 1858 nos
1066 1783 1212 1856 illic
1266 1783 1561 1867 versari,
1605 1803 1919 1876 quorum
1976 1784 2279 1856 maiores
2332 1804 2495 1854 cum
2535 1804 2577 1854 a
2614 1795 2815 1856 recta
2870 1783 3005 1856 fide

883 1917 1166 1998 propter
1221 1916 1614 1996 temporum
1674 1905 2135 1996 asperitatem
2192 1905 2681 1984 recessissent,
2742 1915 2815 1974 et
2872 1903 3007 1996 ipsi

883 2025 971 2099 ab
1009 2026 1142 2098 hac
1195 2023 1598 2116 Apostolica
1636 2019 1846 2106 Sede,
1906 2022 1976 2091 in
2030 2045 2173 2114 qua
2229 2022 2761 2096 fundamentum
2818 2023 3007 2110 fidei,

883 2157 954 2220 et
1009 2157 1331 2218 centrum
1392 2144 1688 2220 unitatis
1727 2165 1765 2216 a
1802 2139 2085 2216 Christo
2142 2139 2442 2216 Domino
2508 2147 2811 2236 positum
2868 2159 3003 2230 est,

885 2265 1090 2338 alieni
1144 2266 1314 2339 sacti
1369 2276 1554 2353 sunt,
1595 2287 1729 2338 non
1770 2277 1941 2351 tam,
1980 2276 2057 2337 ut
2110 2265 2557 2350 confidimuS,
2588 2267 2813 2338 animi
2856 2287 3013 2358 per-

885 2388 1181 2473 vicacia,
1238 2406 1450 2480 quam
1489 2387 1580 2457 ob
1619 2407 1831 2458 verae
1870 2385 2033 2457 fidei
2071 2387 2567 2475 ignorantiam.
2626 2381 2779 2460 Hac
2836 2409 3009 2480 por-

884 2527 966 2581 ro
1021 2508 1419 2593 abutentes,
1473 2505 1596 2600 qui
1654 2502 2089 2594 Christianos
2148 2526 2223 2578 se
2276 2508 2562 2580 nomine
2622 2519 2835 2582 tenus
2878 2531 3013 2604 ap-

884 2628 1182 2721 pellant,
1243 2623 1709 2719 Evangelium
1763 2646 1936 2701 vero
1991 2623 2249 2701 Christi
2306 2639 2689 2713 evacuant,
2750 2651 2877 2702 eos
2936 2629 3011 2701 in

881 2749 1248 2845 graviores
1299 2763 1374 2820 et
1436 2746 1851 2821 deterrimos
1932 2770 2249 2843 quosque
2314 2770 2592 2823 errores
2648 2750 3013 2841 impellere

885 2880 1270 2945 conantur.
1329 2864 1530 2957 Quae
1587 2870 1827 2939 omni-a
1888 2868 2273 2961 postulant,
2316 2882 2398 2943 ut
2434 2869 2781 2943 maiorem
2834 2892 3013 2943 sem·

883 3010 1012 3083 per
1065 3010 1310 3064 curam
1383 3010 1705 3080 geramus
1760 2986 2315 3064 Christianorum
2392 2993 2467 3061 in
2520 2987 2817 3063 Perside
2886 2992 3013 3063 de-

871 3111 1226 3203 gentium.
1267 3105 1621 3207 Equidem
1652 3106 2057 3203 Apostolica
2087 3106 2303 3184 Sedes
2342 3110 2423 3181 iis
2462 3112 2795 3183 iuvandis
2836 3113 3015 3185 nihil

885 3252 1194 3325 nuquam
1248 3231 1514 3317 omisit,
1571 3239 1783 3323 prout
1842 3241 2239 3323 temporum
2302 3232 2633 3303 adiuncta
2690 3233 3018 3324 postula-

887 3357 1058 3423 runt
1085 3369 1124 3447 ,²-
1165 3368 1386 3441 quarc
1451 3334 1524 3422 et
1594 3344 1866 3421 Persidi
1930 3370 2097 3421 suus
2164 3350 2363 3421 datus
2434 3361 2543 3426 est
2598 3350 3019 3441 iampridem

880 3462 1257 3565 Delegatus
1290 3462 1727 3561 Apostolicus
1767 3468 1887 3563 qui
1929 3470 2293 3565 aliquando
2334 3471 2721 3563 peculiaris
2764 3473 2833 3543 ei
2876 3474 3016 3547 fuit

885 3598 960 3673 et
1013 3585 1362 3681 proprius,
1421 3589 1801 3694 aliquando
1858 3584 2399 3684 Mesopotamiae
2456 3590 2669 3663 etiam
2726 3606 2803 3663 et
2840 3586 3021 3663 Kur-

882 3701 1168 3790 distani,
1229 3720 1435 3803 atque
1477 3706 1848 3781 Armeniae
1898 3704 2193 3783 Minoris
2248 3732 2493 3785 curam
2549 3712 2798 3802 gessit.
2860 3707 3019 3783 Ve-

879 3849 1042 3908 rum
1077 3830 1707 3902 succrescentibus
1772 3828 1913 3899 illic
1969 3828 2287 3923 quotidie
2344 3832 2563 3922 magis
2620 3832 3025 3925 spirituali-

871 3948 1014 4053 bus
1065 3944 1630 4056 Christianorum
1670 3950 2280 4036 -necessitatihuS,
2338 3950 2477 4023 iam
2532 3974 2716 4025 unus
2782 3955 3025 4027 idem-

882 4091 1019 4165 que
1078 4068 1190 4141 vir
1249 4072 1472 4163 impar
1537 4071 1773 4141 evasit
1828 4071 2234 4161 regionibus
2290 4071 2441 4146 istis
2498 4075 3021 4167 procurandiS,

869 4211 1058 4282 ,quas
1113 4190 1294 4261 inter
1351 4201 1640 4285 propter
1697 4190 2343 4285 longinquitatem,
2396 4206 2607 4287 atque
2669 4194 3021 4269 itinerum

877 4309 1398 4399 difficultatem,
1449 4313 1785 4423 difficilis,
1820 4333 2100 4410 quoque
2158 4327 2264 4391 est
2320 4336 2551 4389 rerum
2608 4320 3025 4391 communi-

1356 4466 1402 4479 ,-
