3292 5275
862 474 1023 557 254

860 636 1024 687 men
1080 636 1119 686 a
1174 611 1493 688 Patribus
1549 626 1883 687 revocata
1910 662 1936 699 ,
1990 633 2177 706 quae
2255 619 2611 705 suprema·
2661 612 2978 685 docentis

862 728 1221 806 Ecclesiae
1302 734 1728 805 auctoritate
1809 732 2014 806 brevi
2089 732 2340 805 sanciri
2397 753 2480 806 ac
2547 734 2976 827 promulgari

865 846 1716 946 possent.Confidebamus
1742 852 2122 929 istiusmodi
2149 852 2420 925 labores
2447 852 2794 927 communi
2814 849 2980 927 Fra-

866 975 1218 1047 ter-nitatis
1272 974 1508 1048 studio
1562 996 1645 1047 ac
1703 976 1854 1049 zelo
1909 992 2074 1047 suos
2131 992 2538 1067 progressus
2576 973 2862 1059 habere,
2903 988 2980 1048 et

863 1093 949 1166 ad
1005 1106 1321 1187 optatum
1374 1095 1642 1167 exitum
1682 1094 1867 1167 facili
1907 1112 2380 1188 prosperoque
2417 1114 2632 1167 cursu
2687 1094 2976 1185 perduci

863 1235 1090 1306 posse.
1133 1210 1273 1288 Sed
1308 1214 1635 1309 sacrilega
1675 1224 1964 1307 repente
2010 1212 2280 1289 invasio
2315 1212 2522 1287 buius
2558 1209 2802 1289 Almae
2839 1210 2980 1285 Ur·-

865 1334 969 1406 bis
998 1383 1019 1420 ‚
1079 1331 1283 1409 Sedis
1337 1330 1673 1419 Nostrae,
1727 1345 1802 1407 et
1885 1334 2310 1427 reliquarum
2387 1336 2781 1427 temporalis
2833 1330 2978 1408 No-

864 1465 1047 1527 strae
1102 1455 1383 1528 ditionis
1440 1454 1805 1546 regionum
1838 1502 1861 1539 ,
1919 1476 2056 1548 qua
2137 1465 2384 1527 contra
2451 1475 2657 1527 omne
2713 1457 2815 1528 fas
2868 1460 2980 1530 ci-

863 1576 1025 1647 vilis
1079 1570 1316 1648 Nostri
1372 1587 1445 1649 et
1500 1570 1944 1666 Apostolicae
1999 1569 2198 1647 Sedis
2231 1570 2682 1668 Principatus
2734 1576 2978 1651 incon-

862 1716 1067 1771 cussa
1119 1696 1275 1770 iura
1351 1694 1750 1769 incredibili
1834 1694 2116 1787 perfidia
2194 1707 2269 1768 et
2351 1695 2648 1769 audacia
2711 1696 2976 1771 violata

861 1825 1081 1902 sunt,
1138 1818 1212 1888 in
1268 1837 1426 1890 eam
1479 1811 1622 1895 Nos
1681 1837 1912 1892 rerum
1965 1815 2437 1895 conditionem
2491 1816 2838 1905 coniecit,
2893 1832 2976 1894 ut

858 1938 985 2009 sub
1041 1937 1272 2011 hostili
1328 1934 1800 2008 dominatione
1855 1947 1924 2007 et
1982 1944 2324 2028 'potestate
2361 1986 2382 2023 ,
2439 1933 2590 2009 Deo
2659 1938 2758 2010 sic
2814 1961 2978 2031 per-

860 2055 1179 2131 mittente
1259 2056 1347 2130 ob
1429 2056 2062 2151 imperscrutabilia
2118 2057 2376 2130 iudicia
2455 2078 2580 2130 sua
2611 2104 2634 2144 ,
2691 2062 2974 2154 penitus

860 2176 1219 2251 constituti
1274 2178 1512 2265 simus.
1571 2173 1654 2249 ln
1708 2179 1836 2250 bac
1889 2178 2218 2265 luctuosa
2263 2200 2492 2251 rerum
2547 2180 2972 2265 conditione,

861 2318 1022 2371 cum
1074 2293 1217 2371 Nos
1256 2320 1295 2370 a
1333 2298 1551 2372 libero
1606 2298 2066 2393 expeditoquc
2121 2320 2252 2371 usu
2305 2320 2672 2392 supremae
2727 2313 2976 2374 aucto-

866 2416 1093 2492 ritatis
1173 2412 1391 2491 Nobis
1444 2417 1788 2492 divinitus
1843 2417 2130 2491 collatae
2185 2420 2424 2491 multis
2479 2417 2702 2493 modis
2755 2419 2978 2515 impe-

862 2536 1131 2613 diamur
1161 2588 1183 2625 ‚
1238 2558 1530 2631 cumque
1613 2538 1830 2630 probe
1913 2538 2390 2629 intelligamus
2443 2537 2729 2611 minime
2802 2540 2980 2634 ipsis

864 2656 1188 2735 Vaticani
1240 2655 1544 2734 Concilii
1598 2654 1933 2734 Patribus
1993 2659 2062 2733 iu
2113 2661 2244 2732 bac
2297 2660 2475 2732 alma
2529 2653 2714 2732 Urbe
2769 2681 2982 2754 prae-

862 2779 1049 2854 dicto
1100 2799 1341 2854 rerum
1394 2790 1583 2854 statu
1636 2791 1984 2866 manente,
2043 2780 2499 2866 necessariam
2550 2779 2978 2866 libertatem,

862 2901 1337 2986 securitatem,
1395 2898 1978 2994 tranquillitatem
2059 2909 2436 2992 suppetere
2515 2911 2588 2974 et
2653 2912 2978 2976 constare

861 3039 1067 3113 posse
1102 3019 1189 3092 ad
1228 3041 1335 3092 res
1386 3015 1750 3094 Ecclesiae
1803 3015 2172 3094 Nobiscum
2225 3020 2358 3092 rite
2413 3023 2978 3113 pertractandas,

860 3159 1167 3234 cumque
1218 3149 1589 3234 praeterea
1667 3141 2130 3217 necessitates
2207 3140 2520 3216 fidelium
2549 3189 2574 3228 ,
2624 3141 2698 3215 iu
2759 3142 2979 3218 tantis

860 3257 1091 3354 iisque
1146 3258 1525 3335 notissimis
1576 3257 1902 3354 Europae
1957 3261 2480 3341 calamitatibus
2523 3274 2597 3337 et
2635 3263 2976 3349 motibus,

860 3389 967 3456 tot
1020 3364 1353 3466 Rastores
1408 3404 1451 3459 a
1504 3383 1646 3454 suis
1683 3377 2020 3454 Ecclesiis
2056 3383 2301 3463 abesse
2357 3381 2540 3454 haud
2586 3382 2980 3476 patientum,

859 3498 1117 3576 idcirco
1153 3497 1320 3590 Nos,
1358 3523 1443 3576 eo
1498 3524 1611 3578 res
1666 3503 2006 3597 adductas
2061 3521 2306 3596 magno
2359 3523 2524 3579 cum
2579 3502 2790 3578 animi
2827 3499 2980 3580 No-

862 3621 993 3694 stri
1046 3643 1363 3698 moerore
1416 3621 1948 3717 perspicientes,
1989 3634 2072 3698 ut
2117 3618 2530 3698 Vaticanum
2583 3619 2980 3699 Concilium

862 3741 989 3816 tali
1040 3742 1111 3817 in
1168 3755 1482 3837 tempore
1536 3765 1820 3821 cursum
1883 3765 2083 3820 sunm
2161 3745 2486 3821 omuino.
2530 3755 2776 3820 tencre
2829 3764 3008 3822 non-

862 3865 1111 3955 possit,
1171 3865 1461 3958 praevia
1512 3875 1788 3940 matura
1841 3865 2379 3950 deliberatione,
2433 3876 2632 3948 motu
2686 3869 2980 3960 proprio

862 3981 1177 4058 eiusdem
1260 3980 1573 4059 Vaticani
1651 3982 2110 4060 oecumenici
2181 3982 2478 4061 Concilii
2559 3987 2986 4062 celebratio-

864 4122 1031 4176 nem
1084 4125 1305 4198 usque
1360 4105 1450 4178 ad
1486 4106 1676 4192 aliud
1713 4107 2177 4200 opportunius
2211 4116 2287 4180 et
2319 4107 2756 4185 commodius
2793 4115 2984 4183 tem·—

866 4241 997 4317 pus
1054 4245 1180 4318 per
1233 4227 1411 4308 hanc
1464 4221 1797 4300 Sanctam
1850 4222 2104 4300 Sedem
2171 4225 2678 4314 ‚declarandum
2710 4274 2734 4313 ,
2789 4225 2984 4322 Apo-

864 4345 1109 4424 stolica
1162 4347 1587 4426 auctoritate
1642 4358 1890 4424 tenore
1945 4347 2422 4445 praesentium
2457 4349 2978 4446 suspendimus,
