3292 5275
861 482 914 561 4

862 636 1149 717 stesque
1187 618 1550 697 Ecclesiae
1591 620 1983 709 thesauroS,
2022 642 2323 716 quorum
2373 621 2971 714 dispensationem

856 738 1072 817 Nobis
1129 742 1432 817 credidit
1484 738 1705 827 Deus,
1764 743 1839 815 in
1905 741 2211 837 ipsorum
2267 741 2579 816 favorem
2658 761 2971 816 reserare

857 862 1118 937 idcirco
1172 863 1646 956 dignaremur.
1730 858 1873 936 Nos
1931 864 2140 957 igitur
2197 863 2336 957 piis
2400 860 2592 934 hisce
2647 860 2971 934 catholici

857 983 1049 1056 orbis
1103 986 1290 1057 votis
1346 984 1826 1057 obsecundare
1879 982 2145 1057 lubenti
2202 980 2431 1055 animo
2488 979 2833 1067 volenteS,
2884 981 2971 1054 de

855 1100 1378 1197 Omnipotentis
1416 1100 1544 1177 Dei
1580 1103 2098 1185 misericordia,
2129 1124 2209 1175 ac
2246 1098 2389 1175 ΒΒ.
2422 1097 2616 1173 Petri
2654 1113 2728 1174 et
2766 1098 2971 1175 Pauli

855 1218 1356 1319 Apostolorum
1396 1224 1548 1297 eius
1585 1224 2012 1297 auctoritate
2051 1221 2322 1308 confisi,
2363 1221 2682 1295 omnibus
2718 1234 2790 1294 et
2830 1222 2975 1294 sin-

853 1346 1032 1437 gulis
1084 1347 1450 1439 utriusque
1507 1366 1709 1419 sexus
1761 1339 2385 1426 Christifidelibus,
2420 1344 2540 1435 qui
2593 1343 2725 1415 hoc
2781 1364 2971 1416 anno

856 1466 1216 1539 undecima
1271 1466 1385 1538 die
1458 1465 1723 1539 mensis
1780 1460 2047 1558 Aprilis
2122 1464 2432 1557 qualibet
2486 1465 2559 1535 in
2614 1458 2966 1548 Ecclesia,

855 1606 980 1659 seu
1024 1580 1354 1660 Oratorio
1408 1598 1856 1660 sacrosancto
1895 1579 2155 1657 Missae
2194 1582 2537 1657 sacrificio
2574 1583 2967 1667 adstanteS,

857 1728 1019 1780 vere
1076 1707 1520 1801 poenitentes
1573 1716 1645 1778 et
1702 1701 2033 1809 confessi,
2091 1725 2174 1777 ac
2234 1724 2433 1777 sacra
2484 1704 2967 1778 communione

855 1829 1099 1901 refecti
1153 1849 1283 1922 pro
1319 1839 1766 1922 peccatorum
1805 1826 2302 1927 conversione,
2339 1820 2749 1897 Catholicae
2804 1824 2969 1898 fidei

853 1949 1354 2043 propagatione
1385 1960 1457 2023 et
1486 1943 1850 2021 Romanae
1879 1942 2243 2020 Ecclesiae
2274 1968 2448 2040 pace
2479 1956 2689 2040 atque
2727 1946 2972 2018 trium-

854 2072 994 2160 pho
1048 2069 1199 2163 pias
1254 2068 1344 2141 ad
1397 2064 1628 2141 Deum
1686 2088 1929 2161 preces
1984 2063 2389 2150 effuderint,
2448 2066 2839 2159 plenariam
2894 2082 2972 2140 o-

853 2187 1124 2260 mnium
1178 2199 1630 2283 peccatorum
1687 2208 1969 2261 suorum
2045 2184 2552 2280 indulgentiam
2606 2196 2677 2257 et
2730 2188 2971 2260 remis·

855 2304 1149 2395 sionem,
1205 2330 1385 2403 quae
1439 2308 1652 2381 etiam
1726 2307 2094 2380 animabus
2148 2302 2725 2379 Christifidelium
2788 2328 2970 2402 quae

853 2422 1005 2501 Deo
1059 2426 1128 2501 in
1169 2428 1515 2502 charitate
1555 2428 1979 2501 coniunctae
2018 2426 2105 2499 ab
2142 2427 2277 2499 hac
2313 2426 2471 2500 luce
2507 2426 2969 2519 migraverint

853 2568 979 2643 per
1015 2549 1298 2623 modum
1345 2548 1656 2641 suffragii
1696 2545 2037 2644 applicari
2085 2545 2375 2642 poterit,
2420 2548 2970 2621 misericorditer

755 2767 760 2772 ·
851 2670 928 2744 in
966 2666 1787 2745 Domino'concedimus.
1827 2665 2168 2746 Volumus
2214 2680 2475 2758 autem,
2514 2680 2594 2742 ut
2633 2692 2971 2764 praesen-

852 2791 1034 2866 tium
1061 2789 1494 2868 Litterarum
1531 2792 2021 2886 transumptis,
2054 2813 2183 2866 seu
2211 2792 2553 2885 exemplis
2585 2794 2803 2867 etiam
2840 2794 2973 2867 im-

853 2912 1140 3007 pressis,
1177 2933 1392 2988 manu
1450 2913 1751 2987 alicuius
1789 2908 2063 2986 Notarii
2120 2911 2380 3007 publici
2418 2912 2860 3008 subscriptis,
2896 2927 2969 2990 et

853 3031 1080 3126 sigillo
1134 3055 1476 3128 personae
1535 3035 1610 3107 in
1664 3033 2134 3108 ecclesiastica
2194 3034 2533 3127 dignitate
2587 3037 2971 3110 constituta

854 3152 1142 3225 munitis
1195 3153 1440 3228 eadem
1497 3175 1784 3252 prorsus
1832 3154 2003 3227 fides
2053 3154 2492 3241 adhibeatur,
2540 3177 2717 3250 quae
2773 3157 2973 3230 adhi-

853 3270 1136 3346 beretur
1192 3276 1363 3370 ipsis
1428 3276 1957 3370 praesentibus,
2010 3277 2067 3346 si
2124 3278 2353 3350 forent
2404 3276 2789 3364 exhibitae,
2850 3281 2969 3353 vel

852 3404 1196 3468 ostensae.
1236 3390 1492 3469 Datum
1531 3391 1796 3469 Romae
1834 3396 2022 3492 apud
2061 3391 2134 3466 S.
2177 3393 2467 3470 Petrum
2514 3399 2647 3471 sub
2683 3393 2969 3473 Annulo

853 3510 1236 3590 Piscatoris
1291 3516 1405 3590 die
1441 3511 1602 3590 XVI
1641 3513 1876 3590 Martii
1916 3513 2458 3591 MDCCCLXIX
2506 3513 2967 3594 Pontificatus

852 3630 1084 3712 Nostri
1123 3633 1328 3712 Anno
1383 3632 1983 3731 Vigesimotertio.

1609 4035 1819 4114 Plvs
1873 4033 2015 4114 PP.
2076 4035 2199 4116 lx.
