3292 5275
822 475 973 557 110

816 629 1033 713 atque
1088 617 1159 690 id
1212 617 1432 690 unum'
1480 639 1557 691 se
1612 615 2070 708 contendere,
2127 631 2208 693 ut
2264 623 2421 694 iura
2471 609 2954 697 Ecclesiamm

818 759 1146 820 suarum,
1194 759 1501 832 suaeque
1558 738 1890 826 nationis,
1930 743 2106 833 quin
2163 753 2236 814 et
2291 744 2546 815 summi
2586 739 2958 837 Imperan-

820 861 905 931 tis
967 859 1120 933 iura
1177 859 1585 948 defendant,
1614 882 1796 954 quae
1839 885 1878 933 a
1918 856 2130 934 Nobis
2187 864 2450 935 violata
2509 865 2724 937 fuisse
2763 887 2964 938 com-

814 979 1315 1053 miniscuntur.
1370 975 1530 1068 Quo
1605 991 1810 1072 pacto
1893 1003 2163 1055 omnem
2231 981 2612 1056 hodiernae
2671 997 2964 1077 pertur-

816 1101 1112 1172 bationis
1168 1121 1443 1172 causam
1482 1101 1553 1171 in
1592 1097 1736 1173 Nos
1791 1113 1866 1174 et
1919 1103 2105 1174 hanc
2157 1098 2630 1197 Apostolicam
2691 1099 2960 1178 Sedem

818 1219 1107 1294 reiicere
1162 1243 1299 1293 non
1356 1233 1700 1294 verentur
1715 1243 1741 1308 3
1790 1223 1896 1295 uti
1953 1223 2122 1294 olim
2160 1213 2440 1295 'factum
2491 1237 2606 1296 est
2641 1225 2731 1296 ab
2766 1220 2962 1298 Aca-

819 1342 1045 1415 cianis
1100 1341 1563 1415 schismaticis
1594 1333 1709 1443 (1)
1764 1343 1837 1414 in
1893 1338 1972 1414 S.
2026 1339 2391 1416 Gelasium
2449 1345 2962 1437 praedecesso-

818 1483 970 1535 rem
1024 1457 1409 1535 Nostrum:
1469 1472 1541 1534 et
1605 1465 1805 1555 prius
1869 1464 1958 1536 ab
2013 1460 2300 1536 Arianis
2333 1513 2356 1550 ,
2413 1467 2529 1560 qui
2589 1463 2960 1540 Liberium

818 1585 991 1655 item
1076 1582 1686 1675 praedecessorem
1743 1579 2079 1656 Nostrum
2163 1585 2349 1677 apud
2413 1581 2962 1661 Constantinum

819 1700 1326 1796 Imperatorem
1380 1703 2020 1788 calumniabantur,
2066 1725 2154 1777 eo
2211 1706 2399 1800 quod
2457 1719 2785 1780 renueret
2841 1709 2966 1780 da·-

819 1845 1065 1896 mnare
1127 1821 1201 1896 S.
1278 1822 1744 1897 Athanasium
1827 1819 2391 1920 Alexandrinum·
2463 1823 2897 1921 Episcopum
2935 1877 2962 1916 ,

816 1956 891 2018 et
943 1967 1107 2019 cum
1160 1944 1529 2018 haereticis
1588 1944 1716 2016 illis
1775 1947 2294 2018 communicare
2352 1940 2486 2045 (2).
2547 1942 2748 2035 Quod
2807 1949 2968 2042 qui-

818 2068 973 2139 dem
1012 2066 1247 2138 dolere
1284 2067 1446 2160 quis
1504 2063 1790 2158 poterit,
1835 2087 1976 2136 uon
2028 2077 2267 2139 autem
2319 2069 2588 2154 mirari.
2631 2063 2726 2138 Ut
2763 2068 2962 2142 enim

822 2187 1003 2258 idem
1084 2185 1559 2258 sanctissimus
1627 2180 1947 2258 Pontifex
2017 2182 2338 2258 Gelasius
2419 2207 2502 2258 ea
2567 2188 2654 2259 de
2721 2210 2796 2262 re
2867 2191 2962 2262 ad

819 2303 1279 2380 Anastasium
1318 2303 1828 2398 Imperatorem
1871 2306 2222 2378 scribebat
2269 2329 2304 2375 α
2348 2307 2566 2379 hahet
2601 2308 2734 2380 hoc
2787 2333 2966 2404 qua·-

824 2451 861 2496 ιι
920 2427 1076 2498 litas
1114 2447 1323 2520 saepe
1356 2428 1873 2517 languentium,
1911 2436 1990 2499 ut
2043 2439 2388 2499 accusent
2439 2429 2752 2502 medicos
2788 2451 2962 2503 con-

828 2573 864 2620 »
928 2549 1123 2645 gruis
1150 2547 1770 2622 observationibus
1801 2548 1890 2620 ad
1923 2548 2232 2620 salubria
2264 2561 2709 2637 revocanteS,
2748 2573 2967 2645 quam

828 2680 864 2739 5)
926 2682 1005 2743 ut
1057 2671 1189 2764 ipsi
1244 2692 1411 2744 suos
1448 2670 1700 2741 noxios
1742 2670 2092 2762 appetitus
2156 2670 2514 2762 deponere
2555 2673 2674 2744 vel
2709 2694 2968 2765 repro—

830 2816 865 2862 »
929 2794 1101 2866 bare
1158 2792 1633 2865 consentiant.
1683 2812 1718 2857 ³>
1765 2786 2014 2885 ltaque
2072 2791 2400 2885 quoniam
2451 2790 2632 2864 haec
2685 2794 2970 2886 praeci-

823 2937 964 3009 pua
1020 2935 1175 2987 esse
1240 2913 1577 2988 videntur
1644 2912 1878 3005 capita
1909 2963 1935 3000 ‚
1996 2912 2255 3006 quibus
2319 2923 2392 2984 et
2445 2913 2764 2985 favorem
2827 2912 2968 2985 sihi

824 3034 1192 3109 conciliant
1228 3029 1844 3116 Neoschismatici‚
1883 3043 1956 3105 et
2005 3050 2261 3106 causae
2315 3034 2486 3104 licet
2537 3032 2964 3107 deterri-ae

824 3166 1187 3250 potentum
1243 3151 1706 3247 patrocinium
1762 3163 2239 3247 aucupantur,
2309 3172 2602 3257 necesse
2655 3162 2760 3225 est
2789 3202 2812 3241 ‚
2871 3176 2970 3227 ne

822 3274 1063 3349 fideles
1120 3278 1197 3348 in
1250 3296 1559 3349 errorem
1616 3275 2090 3359 inducantur,
2148 3276 2375 3347 fusius
2431 3294 2686 3364 agere,
2743 3296 2968 3369 quam

824 3398 883 3469 si
938 3397 1292 3469 dumtaxat
1348 3397 1434 3467 de
1501 3396 1854 3468 calunniis
1937 3396 2093 3466 istis
2149 3393 2542 3468 refellendis
2597 3405 2958 3486 ageretur.

936 3508 1059 3590 18.
1116 3512 1459 3589 Nolumus
1514 3527 1708 3588 certe
1747 3516 1864 3588 hic
1916 3512 2254 3601 recolere,
2309 3536 2452 3609 quo
2504 3515 2968 3587 devenissent

828 3660 938 3712 res
996 3636 1459 3711 Ecclesiarum
1528 3636 2025 3709 catholicarum
2058 3684 2079 3720 ‚
2141 3656 2324 3729 quae
2397 3656 2527 3727 per
2601 3630 2966 3707 Orientem

829 3760 1259 3833 constitutae
1312 3768 1547 3841 erant,
1604 3766 1974 3851 postquam
2033 3755 2334 3827 schisma
2393 3748 2834 3848 praevaluit,⁵
2887 3768 2966 3829 et

826 3881 1213 3955 ulciscente
1282 3875 1429 3951 Deo
1504 3877 1872 3949 discissam
1937 3872 2296 3949 Ecclesiae
2371 3897 2538 3949 suae
2613 3878 2966 3949 unitatem

828 3996 1251 4074 Graecorum
1288 3998 1660 4092 imperium
1694 4016 2028 4070 eversum
2075 4009 2208 4069 est.
2261 3994 2498 4091 Neque
2535 3996 2696 4070 item
2753 4019 2966 4071 reco-

992 4300 1074 4385 (1)
1118 4300 1181 4368 S.
1207 4299 1423 4367 Gelas.
1456 4302 1641 4385 epist.
1671 4297 1754 4367 12
1782 4302 1861 4364 ad
1891 4300 2300 4365 Anastasium
2323 4299 2696 4381 Augustum
2721 4318 2788 4361 n.
2809 4298 2871 4363 1.

990 4394 1075 4479 (2)
1117 4393 1182 4461 S.
1228 4394 1536 4459 Athanas.
1582 4397 1647 4459 in
1709 4396 1858 4481 hist.
1905 4393 2207 4459 Arianor.
2252 4394 2332 4459 ad
2379 4392 2537 4461 Mon
2551 4392 2697 4457 ach.
2739 4412 2808 4457 n.
2851 4392 2956 4460 35.
