3292 5275
2409 479 2564 574 ffl'i

458 609 709 678 Similes
750 645 781 660 -
822 612 905 682 In
945 616 1064 677 hac
1108 613 1295 680 Beati
1338 615 1519 683 Petri
1568 617 1882 683 cathedra
1917 649 1952 698 „-
1991 615 2094 680 die
2140 614 2220 684 27
2269 635 2412 700 sep-

532 706 815 770 tembris.
862 705 1227 774 vicariatus
1258 707 1674 791 Apostolicus
1711 707 2296 790 Luxemhurgensis
2343 713 2410 774 in

533 796 773 879 Magno
800 798 1354 883 Luxemhurgensi
1376 801 1639 869 numu
1667 801 1747 865 ad
1787 803 2166 883 dignitatem
2213 801 2412 868 Dioc-

533 910 753 959 ceseos
810 894 1111 960 evehitur
1263 941 1277 958 .
1446 944 1463 958 .
1632 943 1650 958 .
1820 941 1836 956 .
2005 941 2018 958 .
2191 943 2205 958 .
2375 919 2408 958 ι)
2450 893 2572 976 239

452 1077 705 1144 Similes
746 1111 776 1125 ·
824 1078 1009 1156 Quod
1050 1081 1384 1150 Monaesi,
1432 1083 1708 1150 Ordinis
1753 1083 1821 1150 S.
1867 1082 2194 1148 Benedicti
2235 1117 2266 1136 ν
2303 1085 2408 1151 die

526 1169 613 1242 30
648 1175 1048 1254 septembris.
1100 1173 1193 1244 De
1230 1179 1553 1246 erectione
1582 1176 1960 1252 Monasterii
1995 1175 2210 1240 filialis
2240 1177 2412 1242 Con—

532 1269 887 1348 gregationi
915 1267 1209 1333 Helveto-
1228 1268 1678 1337 Benedictinae
1715 1273 1780 1334 in
1812 1271 2110 1334 Amet-ica
2141 1269 2408 1352 Septen-

531 1361 813 1426 trionali:
844 1380 1085 1428 novum
1112 1363 1239 1426 hoc
1266 1363 1738 1430 monasterium
1761 1365 1952 1431 titulo
1972 1367 2176 1430 sancti
2195 1363 2406 1448 Mein<

531 1455 1065 1536 radi-insignitum
1092 1456 1161 1520 in
1190 1455 1467 1522 dioecesi
1489 1456 2114 1539 Vincennopolitana
2161 1459 2243 1520 ad
2272 1457 2408 1524 Ab·

530 1548 743 1613 batiae
780 1550 1155 1630 dignitatem
1194 1551 1441 1617 nullius
1482 1552 1792 1616 dioecesis
1831 1552 2129 1616 evehitur
2185 1597 2201 1612 .
2367 1575 2403 1612 ,υ
2443 1550 2566 1630 248

454 1733 705 1802 Similes
746 1769 777 1784 -
816 1738 1160 1824 Postquam
1188 1738 1309 1804 Dei
1332 1759 1587 1805 mere
1626 1773 1656 1786 -
1697 1741 1800 1804 die
1825 1735 1908 1806 ffl
1933 1740 2237 1816 octobris,
2262 1743 2412 1820 ,qui-

528 1832 649 1896 bus
676 1829 1179 1901 Oecumenicmn
1211 1832 1595 1901 Vaticanum
1622 1832 1990 1901 Concilium
2029 1850 2408 1919 suspensum

530 1925 902 1992 declaratur
919 1927 1009 1992 ob
1030 1927 1411 2008 sacrilegam
1440 1930 1505 1992 in
1539 1925 1776 1990 Urbem
1801 1927 2228 1996 invasionem.
2256 1923 2410 1991 Pia-

528 2018 776 2082 nariam
829 2037 983 2082 vero
1042 2017 1511 2101 Mulgentiam
1560 2022 1631 2087 in
1696 2021 1906 2084 forma
1957 2018 2229 2088 lubilaei
2277 2018 2410 2088 Lite

530 2113 685 2175 teris
720 2111 847 2176 diei
878 2108 953 2176 11
984 2113 1207 2194 aprilis
1234 2109 1393 2178 1869
1422 2130 1790 2178 concessam
1833 2113 2099 2194 adipisci
2139 2120 2412 2194 possunt

530 2204 751 2272 fideles
800 2224 878 2270 ac
926 2207 979 2272 si
1018 2206 1219 2290 ipsius
1260 2204 1533 2277 concilii
1578 2207 1935 2274 celebratio
1961 2205 2344 2288 procederet
2364 2227 2402 2269 ι)
2437 2203 2568 2282 253

452 2389 743 2474 Epistola
780 2427 813 2442 -
856 2394 1034 2460 Inter
1074 2395 1485 2478 qravissimas
1524 2395 1883 2477 afflictiones
1922 2428 1954 2442 -
1986 2395 2095 2460 die
2121 2393 2204 2463 28
2225 2401 2410 2468 ,octo-

526 2489 685 2566 bris‚
732 2491 925 2553 missa
968 2491 1047 2552 ad
1097 2491 1350 2569 aliquot
1400 2487 1785 2554 Germaniae
1817 2487 2171 2572 Episcopos
2214 2490 2278 2552 in
2321 2491 2447 2566 ci·-

528 2583 723 2649 vitate
752 2581 1059 2655 fuldensi
1113 2589 1555 2669 congregatos,
1586 2603 1716 2666 qua
1765 2585 1992 2649 laudat
2031 2601 2260 2659 corum
2314 2585 2406 2661 γῄ-

528 2678 858 2757 gilantiam
886 2680 1279 2761 pastoralem
1320 2679 1385 2744 in
1414 2679 1744 2746 monendis
1783 2680 2082 2743 fidelibus
2109 2679 2408 2748 ‹zi-edendi

526 2777 593 2834 et
636 2772 975 2851 profitendi
1028 2771 1331 2836 veritates
1384 2774 1447 2835 in
1499 2770 1817 2836 Vaticano
1855 2770 2152 2839 Concilio
2191 2772 2410 2849 defini-

534 2872 633 2928 tas
706 2912 719 2925 .
891 2912 904 2926 .
1076 2912 1089 2925 .
1260 2910 1275 2926 .
1446 2912 1461 2927 .
1631 2913 1646 2928 .
1817 2912 1832 2928 .
2004 2912 2018 2929 .
2191 2912 2206 2927 .
2377 2887 2408 2925 »
2447 2860 2569 2931 257

452 3050 744 3133 Epistola
792 3051 1137 3137 Encyclica
1178 3087 1209 3099 -
1251 3053 1666 3137 Respicientos
1706 3087 1729 3099 -
1777 3055 1898 3119 diei
1951 3054 1988 3120 1
2033 3056 2402 3119 novembris

523 3148 600 3211 ad
658 3166 879 3211 omnes
929 3146 1374 3225 patriarchas,
1426 3146 1769 3225 Primates,
1816 3149 2350 3229 Archiepiscopos
2383 3192 2402 3225 ‚

528 3237 906 3322 Episcopos,
946 3242 1241 3323 aliosque
1288 3243 1587 3310 locorum
1618 3242 1996 3306 ordinarios
2039 3243 2308 3323 gratiam
2343 3250 2408 3304 et

528 3335 1043 3397 communionem
1100 3352 1245 3397 cum
1297 3335 1674 3419 Apostolica
1721 3332 1881 3397 Sede
1930 3334 2258 3398 babentes.
2307 3333 2410 3398 ln-

526 3427 837 3491 del'essam
866 3436 1329 3492 commemorat
1366 3430 1790 3493 constantiam
1835 3446 2020 3491 suam
2055 3430 2118 3491 in
2161 3429 2408 3493 iuribus

527 3523 1160 3603 possessionibusque
1204 3521 1456 3585 tuendis
1496 3519 1766 3587 Sanctae
1801 3520 2136 3588 Romanae
2177 3520 2403 3593 Eccle-

526 3617 683 3692 siae,
728 3624 923 3695 atque
972 3616 1195 3679 intimo
1244 3616 1437 3679 animi
1484 3616 1712 3679 dolore
1755 3615 2130 3679 horrificam
2173 3616 2411 3682 descri-

524 3710 617 3773 bit
655 3710 955 3773 t'raudum
1004 3718 1071 3773 et
1118 3710 1552 3790 proditionum
1609 3711 1976 3787 historiam,
2027 3728 2188 3791 quas
2237 3707 2405 3775 Sub-

525 3804 819 3885 alpinum
879 3802 1283 3877 Gubernittm
1346 3804 1742 3885 impudentia
1800 3804 2084 3877 maxima
2135 3804 2414 3869 molitus

524 3898 647 3961 suit
704 3899 787 3959 ad
833 3904 1225 3979 postremam
1279 3897 1647 3978 pontificiae
1717 3897 1974 3965 ditionis
2037 3904 2286 3978 partem
2349 3898 2414 3961 vi

526 3991 854 4072 armisque
903 3991 1375 4070 invadendam3
1438 3990 1666 4057 deinde
1721 3998 1982 4055 enarrat
2017 3992 2414 4073 subseqnen-

524 4092 619 4147 tes
673 4085 905 4150 intrusi
950 4084 1260 4157 Gubcrnii
1311 4085 1786 4165 turpitudines:
1853 4090 2078 4152 contra
2137 4086 2406 4151 sacrile-

526 4194 669 4256 gam
700 4178 1187 4258 usurpationem
1216 4185 1722 4244 consummatam
1747 4178 2242 4259 protestationes
2261 4196 2414 4241 suas

526 4271 651 4333 iam
694 4270 899 4335 editas
948 4271 1317 4348 confirmat,
1368 4289 1443 4333 ac
1492 4270 1782 4342 declarat
1831 4290 1942 4338 eos
1979 4289 2258 4349 -omneS,
2297 4272 2408 4353 qui

527 4364 1012 4445 quomodolibet
1046 4364 1303 4445 insignis
1332 4362 1551 4447 flagitii
1596 4364 1940 4449 participes
1985 4365 2413 4447 tuerintmma-
