3292 5275
2374 433 2517 546 19,

359 611 746 678 strumenta
803 601 1223 672 documenta
1280 604 1351 671 et
1372 591 1661 684 ,scripta
1691 603 2004 682 quaeque
2045 577 2476 674 respicientia

354 748 497 806 res,
554 741 923 818 personaS,
980 721 1163 800 loca,
1221 712 1773 804 adsignationeS,
1830 715 1904 777 et
1959 723 2210 776 causas
2265 699 2484 774 eccle-

360 843 677 920 siasticas
729 843 1059 916 binarum
1114 835 1602 930 praefatarum
1642 825 2036 899 Insularum
2111 821 2483 912 diligenter

361 967 806 1061 inquirantur
861 972 934 1034 et
990 949 1457 1031 secernantur
1525 949 1615 1023 ab
1669 943 2069 1040 Episcopali
2122 935 2490 1013 Cancella-

365 1090 470 1161 ria
500 1083 958 1169 Nannetensi,
997 1089 1075 1151 ut
1115 1076 1441 1171 protinus
1485 1071 1972 1160 congerantur
2010 1061 2485 1135 conservanda

366 1209 443 1280 in
498 1205 721 1282 altera
778 1197 1177 1298 Episcopali
1232 1189 1672 1269 cancellaria
1723 1181 2238 1279 Andegavensi.

1370 1401 1469 1482 VI

590 1634 731 1709 Iam
785 1653 959 1708 vero
1014 1641 1091 1704 ut
1150 1627 1378 1706 omnia
1432 1636 1506 1698 et
1559 1621 1834 1710 singula
1889 1615 2195 1706 desuper
2251 1610 2324 1679 in
2377 1608 2497 1677 de-

379 1745 589 1831 cretis
642 1755 971 1861 mandata
1026 1752 1301 1823 firmum
1357 1745 1840 1840 praeseferant
1893 1736 2134 1816 robur,
2176 1732 2504 1823 plenum-

378 1899 517 1971 que
572 1885 1023 1969 assequantur
1070 1853 1431 1950 effectum,
1490 1858 1838 1935 Sanctitas
1890 1853 2028 1928 Sua
2091 1850 2347 1931 voluit,
2419 1858 2506 1916 ut

380 2001 514 2070 hoc
568 1994 641 2069 S·
674 1993 1245 2086 Congregationis
1282 1981 1816 2102 Consistorialis
1853 1973 2223 2048 Decretum
2276 1967 2510 2060 perin-

382 2121 468 2191 de
526 2141 565 2190 a
619 2117 1173 2211 quibuscumque
1258 2110 1599 2184 habeatur
1637 2152 1658 2188 ,
1716 2113 1790 2172 et
1844 2099 1935 2169 sit
1988 2092 2271 2166 omnino
2327 2088 2514 2162 vali-

386 2252 647 2322 turum,
678 2259 762 2310 ac
820 2239 878 2308 si
919 2231 1228 2307 Litterae
1270 2225 1727 2324 Apostolicae
1785 2221 1934 2293 sive
1989 2216 2055 2287 iu
2093 2215 2261 2286 forn*

385 2357 497 2433 vis
552 2358 703 2430 sive
760 2359 891 2430 sub
946 2356 1234 2447 plumbo
1277 2349 1464 2424 inid
1503 2343 1881 2438 expeditae
1947 2335 2039 2389 ‘r‘
2242 2309 2556 2390 4183ῑο-

386 2479 619 2552 trariis
673 2479 1235 2572 quibuscumque
1304 2471 1600 2544 minime
1669 2465 1744 2525 c*
1983 2441 2328 2519 ‘¹¹⁸⁵em3
2382 2455 2554 2508 ⁰011-

386 2603 603 2675 etiam
656 2599 742 2671 ad
799 2599 927 2671 hoc
986 2598 1282 2694 speciali
1339 2593 1487 2664 illa*
1705 2545 2198 2633 metantibus,
2256 2553 2367 2625 vel
2447 2555 2547 2632 eis

1436 2672 1562 2735 ava
1620 2656 2090 2765 derogatione

1410 2878 1537 2957 Vll

626 3086 732 3168 Ad
788 3094 920 3169 hoc
977 3096 1280 3190 denique
1347 3098 1700 3189 negotium
1767 3098 2270 3193 perficiendum
2355 3106 2541 3191 idem

412 3202 746 3313 Poritifex
785 3217 1113 3309 dignatus
1151 3228 1259 3290 est
1297 3218 1371 3289 in
1428 3213 1912 3312 Apostolicum
1971 3220 2354 3295 huiusmodi
2397 3222 2549 3300 De-.

413 3340 591 3413 creti
644 3336 1167 3411 Consistorialis
1224 3350 1726 3433 exequutorem
1791 3342 2132 3433 deputare
2189 3338 2273 3413 R.
2317 3340 2398 3416 P.
2441 3342 2541 3427 D„

412 3454 730 3531 Flavium
788 3482 879 3531 ex
935 3455 1371 3553 Principibus
1428 3456 1628 3551 Chigi
1698 3456 2330 3557 Archiepiscopum
2401 3461 2546 3538 Mi-.

418 3603 715 3664 rensem,
776 3593 846 3653 et
902 3580 1331 3675 ordinarium
1386 3576 1722 3654 Nuntium
1765 3580 2251 3676 Apostolicum
2315 3608 2534 3679 penes

410 3696 863 3795 Reipublicae
903 3696 1207 3773 Gallicae
1263 3698 1731 3785 Gubernium‚
1774 3703 2046 3777 collatis
2094 3706 2161 3777 ei
2219 3709 2536 3781 omnibus

410 3822 865 3896 facultatibus
919 3824 1327 3895 necessariis
1393 3833 1465 3894 ct
1530 3824 1990 3917 opportunis,
2050 3838 2130 3899 ut
2193 3829 2340 3921 ipse
2405 3851 2533 3922 per

411 3962 487 4013 se
522 3993 542 4029 ,
600 3944 712 4017 vel
766 3964 890 4037 per
946 3944 1155 4015 aliam
1215 3964 1583 4036 personam
1632 3945 1704 4015 in
1758 3945 2240 4021 ecclesiastica
2295 3957 2529 4022 tamen

410 4063 748 4157 dignitate
804 4067 1260 4137 constitutam
1318 4064 1402 4134 ab
1457 4066 1607 4157 ipso
1665 4066 2270 4159 subdelegandam,
2301 4073 2533 4145 valeat

411 4196 663 4255 cuncta
719 4184 1124 4277 disponere,
1184 4196 1517 4271 statuere,
1577 4208 1659 4258 ac
1713 4186 2069 4259 definitive
2126 4190 2529 4280 decernere,

408 4326 591 4396 quae
646 4304 718 4375 in
775 4305 843 4375 id
902 4316 1229 4399 oportere
1288 4316 1748 4394 censeantur3
1788 4308 2058 4381 adiecta
2108 4311 2377 4385 scilicet
2430 4315 2530 4387 le-

408 4446 541 4515 ge,
601 4437 679 4498 ut
735 4428 922 4499 intra
978 4448 1099 4499 sex
1152 4447 1431 4498 menses
1485 4426 1573 4497 ab
1639 4429 1910 4520 expleta
1965 4432 2328 4503 huiusmet
2387 4428 2531 4508 De-

1995 4558 2098 4635 2*
