3292 5275
879 470 1037 554 132

875 612 1086 685 dubio
1121 614 1602 704 experientur.
1627 605 1811 685 Cum
1848 626 2023 684 vero
2060 608 2457 685 libertatem
2498 604 2773 683 illarum
2808 624 3027 685 sum-

873 756 1034 809 mus
1077 732 1424 827 imperans
1457 728 1965 805 Otbomanicus
2016 732 2315 803 decretis
2370 734 2520 803 suis
2578 733 3015 819 asseruerit,

873 873 1258 950 earumque
1315 850 1778 947 patrocinium
1814 870 1891 925 se
1930 867 2175 942 gerere
2228 852 2731 925 humanissime
2782 847 3021 925 Nobis

873 976 1400 1069 significaverit,
1441 994 1576 1047 non
1623 972 2054 1060 dubitemne,
2090 973 2261 1067 quin
2318 994 2393 1046 re
2451 975 2771 1067 inspecta
2826 996 3017 1069 qua-

875 1104 965 1177 lis
1007 1122 1270 1175 wevera
1333 1110 1472 1182 est,
1537 1108 1609 1169 et
1668 1096 1981 1168 disiectis
2056 1096 2553 1186 superstructis
2618 1096 3023 1169 adversan-

877 1224 1046 1297 tium
1101 1222 1469 1295 calumniis
1501 1266 1522 1303 ,
1581 1220 1831 1291 laetari
1888 1216 2123 1311 potius
2178 1216 2433 1287 debeat
2496 1234 2705 1311 quam
2760 1217 3019 1289 dolere

877 1347 966 1418 de
1021 1344 1128 1415 his
1166 1390 1187 1427 ,
1245 1363 1430 1435 quae
1491 1342 1564 1411 in
1617 1340 2009 1413 evidentem
2064 1339 2345 1410 illarum
2408 1336 2793 1412 utilitatem
2850 1360 3021 1411 ces-

879 1484 1042 1537 sura
1098 1473 1286 1537 sunt.

987 1576 1112 1657 47.
1171 1576 1410 1677 Neque
1495 1584 1725 1657 minus
1806 1580 2305 1653 calumniosum
2378 1591 2481 1652 est
2534 1590 3019 1653 commentum

879 1706 1048 1781 illud
1101 1726 1144 1777 a
1201 1702 1707 1777 recentioribus
1772 1702 2197 1797 quibusdam
2252 1702 2749 1797 excogitatum,
2788 1710 2863 1773 et
2917 1703 3019 1773 ab

879 1822 1356 1899 Orientalibus
1417 1824 1920 1897 dissidentibus
1977 1824 2357 1916 percupide
2414 1834 2819 1915 exceptum,
2879 1826 3014 1917 qui

879 1944 1275 2020 Romanum
1329 1937 1771 2029 Pontificem,
1829 1964 1969 2038 qua
2006 1940 2275 2016 Christi
2314 1938 2629 2016 vicarius
2684 1954 2821 2027 est,
2868 1956 3023 2019 tra-

885 2068 1144 2139 ducere
1201 2086 1340 2138 non
1396 2065 1833 2139 erubuerunt
1890 2066 1995 2139 uti
2042 2078 2409 2139 externam
2452 2066 2821 2155 quamdam
2874 2086 3019 2137 au-

879 2190 1305 2272 ctoritatem,
1365 2208 1546 2281 quae
1602 2185 1919 2258 interiori
1976 2208 2349 2280 regnorum
2386 2196 2461 2258 et
2498 2188 2853 2257 nationum
2894 2206 3021 2257 re-

883 2310 1130 2403 gimini
1171 2330 1323 2381 sese
1367 2309 1663 2380 inserat:
1702 2309 1889 2401 quod
1928 2309 2213 2380 omnino
2252 2308 2763 2401 prohibendum
2804 2308 3019 2383 aiunt

883 2441 966 2505 ut
1023 2438 1208 2500 sarta
1267 2441 1452 2502 tecta
1499 2448 1771 2501 summo
1812 2425 2191 2527 imperanti
2246 2450 2373 2501 sua
2428 2432 2587 2503 iura
2640 2442 3013 2514 maneant,

881 2558 951 2624 et
1007 2552 1232 2625 omnis
1287 2548 1701 2625 occludatur
1758 2551 1903 2637 via,
1940 2570 2029 2622 ne
2084 2549 2199 2621 alii
2258 2536 2617 2644 principes
2676 2550 2761 2621 ad
2816 2550 3021 2621 simi,-

881 2675 984 2748 lin·
1033 2673 1354 2772 audenda
1405 2670 1811 2743 incitentur.

989 2785 1118 2868 48.
1178 2790 1494 2866 lamvero
1547 2803 1882 2886 quantum
1946 2793 2117 2866 haec
2182 2793 2359 2866 falsa
2412 2793 2551 2864 sint
2583 2845 2605 2880 ,
2660 2805 3017 2887 quantum

883 2937 925 2990 a
980 2925 1174 2988 recta
1227 2915 1497 2987 ratione
1551 2915 1906 2998 aberrent,
1965 2927 2041 2986 et
2102 2936 2143 2986 a
2206 2915 2593 2987 catholicae
2650 2907 3017 2990 Ecclesiae

883 3037 1124 3109 divina
1165 3036 1608 3109 ordinatione
1647 3037 1853 3108 facile
1893 3047 2003 3108 est
2037 3035 2449 3126 intelligere.
2500 3031 2783 3110 Falsum
2820 3035 3015 3108 enim

884 3155 1228 3250 imprimis
1309 3167 1420 3228 est
1475 3153 1831 3248 Romanos
1888 3153 2267 3228 Pontifices
2322 3177 2364 3228 a
2418 3157 2753 3228 limitibus
2838 3179 3017 3231 suae

883 3279 1255 3372 potestatis
1313 3279 1715 3362 recessisse,
1758 3277 1875 3353 vel
1915 3278 1984 3350 in
2040 3297 2410 3369 regnorum
2466 3275 2737 3350 civilem
2794 3277 3023 3350 admi-

883 3399 1374 3472 nistrationem
1411 3418 1567 3472 sese
1609 3382 2021 3482 inseruisse,
2061 3377 2133 3470 e't
2167 3399 2323 3470 iura
2362 3395 2769 3492 Principum
2808 3421 3023 3473 usur-

885 3537 1111 3612 passe.
1169 3514 1376 3606 Quod
1429 3521 1490 3592 si
1548 3519 1807 3592 idcirco
1870 3541 1951 3590 ea
2017 3521 2363 3592 calumnia
2420 3515 2717 3593 Romani
2773 3517 3022 3592 Ponti·

886 3639 1051 3712 lices
1107 3649 1494 3723 notantur,
1551 3641 1735 3734 quod
1788 3640 1875 3713 de
1954 3631 2470 3734 Episcoporum
2526 3654 2599 3714 et
2652 3662 3019 3716 sacrorum

883 3756 1248 3832 Ecclesiae
1301 3761 1783 3834 ministrorum
1844 3760 2346 3849 electionibus,
2402 3761 2517 3836 vel
2574 3765 2835 3844 causis,
2894 3777 3023 3838 aut

883 3881 972 3952 de
1027 3879 1186 3952 aliis
1264 3881 1686 3973 quibuslibet
1740 3881 1831 3954 ad
1904 3881 2453 3954 ecclesiasticam
2534 3881 3026 3977 disciplinam,

885 4001 1100 4073 etiam
1136 4021 1343 4095 quam
1382 4005 1799 4076 exteriorem
1856 4015 2139 4087 vocant,
2180 4003 2701 4096 pertinentibus
2758 4003 3023 4099 aliquid

882 4124 1288 4207 decernant,
1331 4127 1746 4198 alterutrum
1800 4135 1909 4197 est
1970 4123 2485 4196 admittendum
2540 4125 2658 4198 vel
2712 4123 3019 4214 ignorari

889 4245 1162 4316 seilicet
1201 4245 1310 4318 vel
1352 4245 1550 4318 reiiei
1605 4245 1919 4318 divinam
1988 4245 2289 4340 ideoque
2344 4245 2851 4318 immutabilem
2910 4267 3022 4320 ca-

891 4361 1190 4438 tholicae
1244 4361 1604 4440 Ecclesiae
1670 4365 2222 4442 ordinationem.
2280 4361 2472 4439 Haec
2535 4365 2823 4460 quidem
2879 4380 3022 4442 sta-
