3292 5275
2244 480 2398 565 405

354 631 490 687 tum
522 620 973 707 Apostolicum
1014 622 1288 702 erigitur
1334 622 1523 685 titulo
1551 617 1930 686 Continioris
1959 618 2244 685 Calit'or-

344 716 491 779 niae
532 717 729 797 vulgo
766 748 849 763 —-·
898 713 1095 777 Bassa
1142 712 1495 797 Calit'ornia
1534 748 1615 763 --
1657 712 2050 795 proprioque
2091 716 2234 777 tra·

346 809 522 873 ditur
561 808 855 873 Praesuli
890 854 907 870 .
1076 852 1093 869 .
1262 853 1278 869 .
1447 851 1462 867 .
1632 852 1647 869 .
1831 852 1848 869 .
2021 852 2038 869 .
2205 826 2240 867 a
2277 802 2405 873 292

273 994 529 1061 Similes
554 1032 633 1045 —
662 998 915 1061 Arcano
956 994 1227 1059 divinas.
1243 992 1680 1076 providentiae
1721 994 1985 1058 consilio
2022 1030 2104 1043 --
2139 994 2242 1057 die

347 1088 389 1156 3
449 1090 793 1153 februarii·
846 1088 914 1151 ln
976 1088 1411 1151 ecclesiastica
1474 1090 1805 1169 provincia
1869 1085 2238 1169 Superioris

362 1181 657 1249 Canadae
702 1200 907 1246 novus
949 1180 1317 1245 vicariatus
1360 1179 1776 1260 Apostolicus
1817 1186 2242 1261 cognomento

368 1275 729 1341 Victuriacus
778 1272 1167 1340 Ganademis
1208 1272 1730 1355 septentrionalis
1777 1276 2194 1339 constituitur
2221 1316 2240 1351 ‚

359 1370 628 1450 eiusque
660 1370 825 1433 fines
866 1368 1319 1433 describuntur
1344 1412 1360 1429 .
1449 1414 1465 1431 .
1634 1414 1652 1430 .
1820 1412 1839 1429 .
2005 1412 2025 1430 .
2193 1388 2228 1427 »
2267 1362 2390 1434 ffld

277 1554 565 1639 Epistola
600 1554 945 1637 Encyclica
976 1554 1243 1619 Dilectis
1274 1554 1457 1620 Filiis
1490 1554 1652 1619 S.R.
1673 1554 1748 1618 E.
1783 1554 2236 1621 cardinalibus

348 1657 415 1713 et
454 1648 953 1714 venerabilibus
1020 1648 1356 1714 Fratribus
1400 1649 1918 1733 Archiepiscopis
1979 1657 2043 1713 et
2085 1648 2244 1731 Epi·-

348 1746 557 1825 scop'is
601 1744 857 1824 Imperii
897 1745 1231 1808 Austriaci
1266 1777 1349 1792 -
1389 1743 1510 1807 Via:
1548 1746 1700 1807 dum
1737 1764 1780 1807 a
1823 1743 2114 1811 Mis—
2139 1745 2242 1807 die

348 1836 387 1901 7
430 1838 666 1911 martii.
700 1836 1018 1914 Queritur
1044 1840 1431 1901 immanibus
1474 1844 1697 1900 contra
1729 1836 2085 1901 Ecclesiam
2117 1834 2238 1909 Dei

350 1932 873 1995 insectationibus
918 1933 983 1995 in
1024 1930 1329 1996 Borussia
1380 1938 1447 1996 et
1486 1931 1788 1999 Helvetia
1837 1932 2161 2008 excitatis,
2202 1949 2239 1993 a

352 2020 431 2087 Se
452 2025 581 2087 iam
603 2026 703 2088 die
723 2023 806 2091 24
824 2027 1189 2090 novembris
1214 2022 1369 2091 1873
1390 2044 1507 2107 per
1546 2028 1788 2090 similes
1817 2024 2092 2090 Litteras
2133 2024 2246 2087 de-

351 2118 648 2199 ploratis,
672 2119 939 2183 iniurias
962 2124 1153 2185 etiam
1179 2122 1519 2184 accessisse
1548 2122 1874 2184 Austriaci
1895 2116 2240 2183 Gubernii.

350 2209 675 2275 Memorat
700 2232 769 2275 se
800 2211 930 2277 Sua
956 2213 1373 2278 Allocutione
1406 2217 1533 2277 iam
1562 2215 1706 2279 inde
1747 2215 1830 2279 ab
1859 2230 2028 2276 anno
2070 2208 2244 2276 1868

346 2303 449 2367 die
506 2302 591 2369 22
635 2306 791 2369 iunii
838 2308 1153 2389 quasdam
1216 2310 1295 2371 ab
1345 2310 1485 2389 ipso
1533 2308 1846 2372 Austriae
1903 2304 2240 2371 Gubernio

354 2398 521 2461 latas
562 2399 738 2479 leges
792 2398 1119 2463 Ecclesiae
1162 2402 1411 2465 iuribus
1458 2409 1523 2465 et
1569 2402 1990 2465 sollemnibus
2031 2398 2236 2481 pactis
2313 2444 2320 2451 ·
2357 2458 2364 2465 .

350 2495 687 2555 conventis
744 2495 1043 2557 adversas
1086 2495 1539 2559 condemnasse
1583 2503 1650 2559 et
1689 2496 1902 2558 irritas
1947 2494 2242 2556 declara·

348 2587 619 2650 ravisse.
696 2584 1067 2668 Significat,
1122 2608 1293 2653 nnnc
1364 2607 1565 2654 novas
1615 2590 1892 2671 publicis
1955 2584 2240 2652 eiusdem
2325 2651 2331 2660 ,

347 2676 605 2760 Imperii
629 2679 919 2746 Comitiis
947 2687 1219 2765 proponi
1278 2687 1449 2750 velle
1500 2686 1682 2765 leges
1724 2683 2085 2748 novissimis
2117 2681 2244 2746 Bo·

346 2774 605 2836 russicis
652 2775 905 2854 legibus
952 2794 1078 2840 non
1128 2779 1481 2857 absimiles,
1537 2795 1816 2859 quarum
1859 2779 1922 2842 vi
1954 2773 2246 2839 Catholi-

345 2881 419 2927 ca
450 2864 739 2954 Ecclesia
781 2870 901 2932 sub
928 2871 1196 2933 arbitrio
1245 2873 1459 2934 civ-ilis
1514 2873 1920 2935 auctoritatis
1979 2869 2244 2931 omnino

348 2961 698 3042 redigatur.
748 2961 919 3024 Dum
962 2971 1183 3027 contra
1237 2965 1401 3027 hanc
1448 2966 1752 3027 solemnis
1803 2962 2246 3027 conventionis

351 3055 769 3118 violationem
810 3057 1049 3120 iterum
1106 3065 1532 3137 protestatur,
1576 3073 1848 3136 eamque
1901 3054 2244 3134 reprobat,

352 3148 881 3228 praeclarissimis
922 3151 1207 3213 obtendit
1248 3151 1645 3231 argumentis
1686 3167 1828 3228 eam
1877 3150 2084 3210 inesse
2129 3163 2245 3208 no-

352 3241 447 3303 vis
500 3242 673 3304 bisce
722 3242 977 3322 legibus
1020 3251 1345 3321 naturam,
1396 3245 1449 3305 si
1504 3260 1625 3306 eae
1681 3243 2118 3324 perferantur,
2169 3245 2244 3302 ut

352 3333 725 3399 Catholicae
758 3335 1087 3400 Ecclesiae
1114 3337 1583 3401 institutionem
1608 3346 1678 3402 ct
1695 3338 1840 3400 iura
1862 3337 2075 3398 omnia
2097 3335 2246 3397 fun·

350 3429 521 3492 ditus
548 3431 949 3495 subvertant.
975 3429 1209 3494 Paucis
1230 3432 1455 3494 deinde
1486 3439 1832 3496 enumerat
1853 3431 2066 3496 verbis
2109 3445 2244 3492 ma·

349 3521 565 3586 lorum
594 3525 981 3606 congeriem,
1025 3541 1193 3606 quae
1218 3521 1557 3588 Ecclesiae
1586 3532 1656 3590 et
1677 3524 1972 3588 fidelibus
2001 3523 2246 3587 obven-

354 3622 501 3678 tura
532 3617 765 3694 t'orent‚
808 3619 860 3680 si
890 3618 1075 3681 illius
1101 3614 1357 3698 Imperii
1389 3617 1742 3682 Antistites
1769 3618 1954 3680 novis
1993 3615 2248 3679 iuribus

350 3710 795 3788 aquiescerent
819 3754 838 3787 ‚
894 3711 1171 3792 ideoque
1211 3727 1325 3773 eos
1373 3712 1653 3788 excitat,
1686 3718 1763 3774 ut
1821 3717 2070 3773 tantum
2124 3709 2244 3771 im-

361 3802 645 3883 pendens
705 3804 1069 3883 periculum
1118 3820 1421 3866 amovere
1492 3811 1760 3868 strenue
1811 3802 2242 3878 contendant,

352 3913 479 3960 non
520 3897 659 3959 suis
708 3897 953 3960 viribus
992 3897 1105 3960 sed
1150 3897 1407 3961 divinae
1450 3899 1672 3961 virtuti
1719 3895 2006 3961 fidentes.
2051 3895 2244 3972 Quod

361 3999 441 4054 ut
480 3991 737 4054 facilius
782 3997 1249 4070 assequantur,
1300 3992 1507 4054 media
1550 3992 1744 4054 etiam
1787 3990 2022 4053 utenda
2056 4006 2244 4071 prae-

356 4086 486 4147 bet.
534 4083 840 4150 Ceterum
890 4085 1011 4146 hac
1060 4087 1125 4147 in
1176 4103 1249 4147 re
1314 4085 1527 4147 animo
1583 4101 1712 4146 non
1759 4083 2036 4147 concidit
2079 4080 2248 4145 Pon-

351 4179 513 4243 tifex
554 4180 793 4259 pietate
822 4180 1083 4242 innixus
1122 4189 1187 4242 et
1230 4181 1545 4260 religione
1573 4176 1988 4260 Imperatoris
2019 4184 2086 4241 et
2113 4175 2242 4240 Re·

352 4273 469 4352 gis,
512 4273 593 4334 ad
644 4291 837 4354 quem
866 4289 1067 4336 novas
1116 4274 1368 4336 litteras
1418 4273 1497 4335 de
1541 4273 1666 4335 hoc
1715 4273 2092 4352 gravissimo
2131 4289 2244 4334 ne-

355 4370 536 4448 gocio
584 4367 665 4430 ab
707 4385 777 4429 se
826 4367 1046 4432 missas
1098 4367 1371 4432 nuntiat.
1426 4365 1680 4432 Interea
1731 4383 2064 4432 sacrorum
2108 4363 2240 4428 An·
