3292 5275
874 462 1031 545 346

870 602 1012 679 Nos
1068 603 1379 677 eiusdem
1436 599 2014 693 congregationis
2071 604 2444 675 consilium
2523 604 3004 675 libentissime

869 725 1338 816 excipienteS,
1394 724 1828 814 praedictum
1903 718 2076 795 Ven.
2161 720 2486 796 Fratrem
2568 720 2998 817 Dionysium

868 842 1153 919 Seelhot
1206 842 1686 919 Patriarcham
1741 842 2265 917 Antiochenam
2321 840 2672 938 Syrorum
2725 865 3000 917 renun-

864 970 1085 1051 ciare,
1128 967 1365 1060 illique
1421 961 1718 1041 Pallium
1758 967 1844 1039 de
1897 960 2208 1057 Corpore
2263 960 2350 1036 B.
2396 963 2593 1039 Petri
2627 982 3000 1059 sumptum

866 1088 1178 1161 tribuere
1214 1088 1780 1171 existimavimus,
1825 1086 2022 1158 firma
2061 1086 2306 1162 confisi
2345 1107 2498 1179 spe,
2543 1090 2800 1180 ipsum,
2839 1084 2998 1160 Deo

866 1210 1045 1282 bene
1130 1210 1439 1295 iuvante,
1494 1196 1901 1281 Catholicae
1976 1205 2322 1301 Syrorum
2387 1203 2788 1289 Ecclesiae,
2845 1220 2998 1278 tam

866 1330 1119 1403 acerbo
1160 1342 1501 1421 tempore,
1544 1331 1697 1403 zelo
1735 1324 2122 1419 Religionis
2169 1340 2242 1399 et
2281 1328 2530 1399 salutis
2567 1327 2996 1411 animarum,

866 1474 944 1524 ac
999 1452 1371 1545 pastoralis
1428 1450 1734 1523 muneris
1789 1450 2102 1543 partibus
2142 1458 2383 1521 sancte
2439 1448 2810 1542 implendis
2863 1472 3000 1523 va·

860 1572 1001 1645 lido
1056 1572 1460 1645 adiumento
1512 1583 1585 1642 et
1636 1571 1986 1664 praesidio
2041 1574 2378 1643 futurum.

1180 1690 1367 1783 Quid
1418 1678 1635 1765 Vobis
1693 1686 2045 1767 videtui-'i‘

1076 1812 1521 1890 Auctoritate
1606 1809 2118 1908 omnipotentis
2210 1810 2340 1887 Dei
2429 1810 2994 1909 sanctorumque

864 1931 1355 2031 Apostolorum
1412 1932 1605 2008 Petri
1646 1948 1718 2007 et
1771 1930 2002 2008 Paulli
2061 1956 2144 2007 ac
2193 1927 2442 2009 Nostra
2501 1934 2994 2011 confirmamus

859 2069 934 2129 et
988 2058 1459 2150 approbamus
1516 2056 1936 2130 electionem
1993 2078 2116 2129 seu
2175 2057 2716 2148 postulationem
2771 2080 2816 2131 a
2856 2056 2996 2131 Ve-

864 2178 1311 2251 nerabilibus
1368 2174 1737 2250 Fratribus
1777 2174 2146 2271 Episcopis
2197 2175 2468 2271 Syriaci
2511 2180 2692 2250 ritus
2729 2182 2990 2251 factam

862 2298 946 2369 de
1009 2306 1303 2392 persona
1376 2294 1552 2371 Ven.
1614 2295 1875 2370 Fratris
1934 2294 2246 2393 Dionysii
2331 2296 2611 2371 Scelbot
2677 2295 2994 2375 Patriar-

860 2420 1058 2501 chae,
1116 2432 1323 2513 quem
1360 2432 1365 2439 '
1407 2404 1834 2493 absolvimus
1891 2442 1927 2489 a
1987 2420 2316 2505 vinculo,
2375 2442 2518 2515 quo
2595 2418 2989 2516 Aleppcnsi

860 2535 1225 2613 Ecclesiae
1284 2542 1772 2633 obstringitur,
1833 2564 1914 2614 ac
1971 2544 2464 2639 transferimus
2521 2544 2608 2614 ad
2671 2540 2996 2620 Patriar-

866 2663 1136 2735 chalem
1218 2662 1597 2736 Ecclesiam
1657 2659 2172 2737 Antiochenam
2255 2663 2625 2758 Syrorum,
2683 2689 2990 2763 eumque

860 2783 1304 2875 praeficimus
1373 2785 1441 2856 in
1522 2781 2006 2890 patriarcham
2071 2799 2144 2858 et
2227 2783 2584 2860 Pastorem
2671 2793 2986 2862 ciusdem

856 2885 1250 2988 Ecclesiae,
1312 2918 1519 3003 prout
1578 2909 1644 2978 in
1713 2901 2015 2980 Decreto
2071 2920 2144 2978 et
2195 2903 2542 2982 Seliedula
2619 2906 2990 2985 Consisto-

836 3025 1145 3098 ·rialibus
1200 3009 1692 3120 exprimetur,
1771 3009 2138 3102 contrariis
2220 3031 2778 3126 quibuscumque
2850 3057 2986 3109 noa

854 3147 1321 3220 obstantibus.
1382 3151 1391 3160 ’
1985 3133 1992 3141 ’

854 3263 936 3338 ln
986 3263 1283 3340 Nomine
1330 3263 1558 3340 Patris
1587 3272 1683 3367 ὦ
1709 3283 1806 3342 et·
1831 3267 1994 3342 Filii
2021 3275 2117 3369 ᾖ
2137 3284 2212 3345 et
2247 3268 2554 3365 Spiritus
2579 3276 2680 3370 31<
2702 3271 2980 3350 Sancti.

1787 3394 2036 3471 Amen.
