3292 5275
2231 478 2382 561 199

274 636 407 689 vos
462 617 761 689 habendi
816 626 984 691 sunt
1038 618 1196 702 illi,
1254 616 1373 712 qui
1444 630 1517 691 ct
1579 620 1872 713 legitimi
1930 616 2384 693 patriarchae

270 740 525 821 vestri,
582 748 655 809 et
706 738 887 823 eius,
942 739 1061 831 qui
1120 758 1243 831 pro
1304 740 1460 829 ipso
1501 734 1774 811 Vicaria
1829 750 2178 832 potestate
2231 740 2388 813 iun-

274 860 467 949 gitur
503 907 530 944 ,
578 858 1061 931 auctoritatem
1115 858 1645 951 despexeruut3
1699 857 1818 952 qui
1885 863 2336 953 neglexerunt
2365 910 2388 947 ,

272 990 397 1051 aut
457 979 769 1071 recipere
824 990 1243 1051 recusarunt
1316 978 1524 1053 istius
1572 981 2064 1067 ‚sententias3
2113 982 2236 1074 qui
2305 1002 2389 1055 eo

272 1110 755 1191 pervenerunt
786 1146 807 1182 ,
866 1110 945 1169 ut
994 1100 1377 1191 legitimam
1432 1099 1618 1176 illius
1673 1100 2122 1187 electionem,
2178 1114 2258 1175 ut
2311 1112 2392 1173 ut

272 1219 407 1289 rite
466 1226 819 1310 peractam
874 1228 947 1291 et
1000 1218 1475 1293 confirmatam
1512 1240 1553 1291 a
1590 1214 1808 1294 Nobis
1867 1234 2285 1297 revocarent
2321 1224 2390 1296 in

272 1337 625 1423 dubium3
678 1339 799 1431 qui
855 1338 1269 1411 restiterunt
1324 1334 1656 1431 Delegato
1721 1334 2005 1427 Nostr03
2056 1341 2177 1434 qui
2231 1361 2392 1417 eum

274 1458 593 1532 muneris
648 1460 757 1531 sui
812 1460 1170 1544 exercitio,
1210 1458 1442 1551 quoad
1498 1459 1834 1532 indictam
1889 1481 1932 1533 a
1957 1455 2192 1534 Nobis
2247 1484 2394 1536 mo·

274 1579 751 1651 nasteriorum
805 1576 1283 1654 visitationem
1336 1578 1896 1673 prohibuerunt3
1955 1580 2078 1673 qui
2131 1580 2392 1655 diserte

220 1752 229 1759 .
274 1719 357 1771 se
408 1698 699 1791 professi
754 1710 915 1771 sunt
970 1694 1547 1795 independente23
1600 1700 1721 1792 qui
1779 1699 1852 1771 id
1908 1702 2086 1774 facto
2141 1700 2396 1776 confir-

276 1830 615 1904 marum,
672 1820 839 1893 dum
892 1840 1035 1893 non
1088 1821 1291 1894 modo
1318 1867 1341 1907 ,
1396 1832 1652 1895 exacto
1705 1822 1842 1893 iam
1911 1832 2217 1914 tempore
2274 1824 2397 1896 de·

270 1939 655 2035 mandatae
704 1941 839 2012 sibi
896 1939 1400 2013 iurisdictionis
1432 1988 1455 2025 ‚
1526 1939 1854 2033 excipere
1931 1953 2397 2033 perrexerunt

278 2058 593 2131 fidelium
647 2059 1147 2145 concessiones,
1206 2062 1329 2133 sed
1386 2062 1457 2133 id
1534 2063 1760 2145 facere
1827 2072 2190 2154 praeterea
2241 2064 2396 2138 ausi

278 2193 449 2259 sunt
504 2192 866 2275 postquam
918 2202 1052 2275 per,
1098 2180 1355 2255 editam
1442 2181 1931 2274 suspensionis
1985 2184 2396 2261 sententiam

280 2302 453 2395 ipsis
507 2300 789 2373 omnino
846 2304 1077 2375 fuerat
1130 2322 1216 2374 co
1270 2323 1557 2375 munere
1598 2300 2252 2395 interdictum;‚qui
2289 2324 2398 2378 sa-

282 2421 663 2495 cerdotalia
715 2423 949 2496 omnia
1002 2419 1391 2495 ministeria
1473 2419 1752 2515 publice
1784 2468 1807 2505 ,
1867 2432 1941 2493 et
1995 2423 2396 2496 solemniori

280 2541 493 2615 etiam
550 2543 689 2615 ritu
727 2542 915 2615 obire
956 2563 1097 2615 non
1134 2543 1582 2624 destiterunt,
1640 2544 1710 2613 in
1764 2542 2396 2618 ecclesiasticarum

280 2685 739 2738 censurarum
767 2675 1297 2756 contemptum3
1348 2661 1463 2757 qui
1516 2663 1802 2739 demum
1867 2663 2032 2735 nihil
2065 2665 2204 2737 sibi
2231 2666 2401 2742 reli-

276 2807 501 2878 quum
537 2783 871 2869 fecerunt,
908 2807 1047 2879 quo
1078 2781 1511 2877 apertissime
1550 2782 2052 2873 significarent,
2093 2782 2295 2859 flacci
2323 2805 2399 2861 se

280 2909 516 2978 facere
573 2905 942 2980 canonicas
998 2905 1215 2996 legeS,
1270 2905 1766 2998 legitimaeque
1831 2901 2207 2997 potestatis
2241 2949 2261 2985 ‚
2325 2915 2398 2976 et

280 3028 487 3098 istius
525 3020 601 3094 S.
632 3021 834 3098 Sedis
873 3027 1391 3100 auctoritatem.
1422 3018 1541 3095 -An
1583 3025 1738 3096 istis
1765 3025 1883 3116 qui
1925 3033 2124 3110 tanta
2163 3024 2402 3110 insuta

282 3157 458 3240 gunt
492 3145 791 3218 audacia
830 3146 899 3218 in
938 3146 1423 3218 auctoritatem
1462 3140 1814 3227 Nostram,
1867 3153 2196 3236 tantaque
2251 3165 2403 3236 per-

282 3268 567 3341 vicacia
602 3277 919 3360 perstant
974 3268 1045 3337 in
1109 3267 1395 3361 proprio
1431 3266 1748 3349 crimine,
1786 3263 1956 3338 fides
2009 3263 2402 3349 adhibenda

282 3387 377 3458 sit
414 3385 589 3458 dum
616 3385 1055 3478 profitentur,
1084 3387 1343 3458 sentire
1378 3405 1455 3456 se
1484 3385 1572 3472 de
1600 3385 1904 3476 primatu
1937 3383 2143 3474 huius
2174 3377 2246 3472 S.
2279 3378 2407 3456 Se-

281 3511 425 3594 dis,
482 3509 589 3582 uti
645 3508 1015 3580 catholicos
1071 3506 1302 3590 decet,
1361 3525 1577 3598 seque
1649 3525 1955 3576 manere.
1992 3505 2402 3579 coniunctos

280 3625 501 3702 Nobis
556 3640 630 3700 et
684 3628 1151 3722 obsequentes
1185 3674 1206 3711 ,
1264 3625 1489 3700 facile.
1530 3646 1687 3698 .vos
1743 3624 1878 3718 ipsi
1935 3623 2398 3716 perspicietis

282 3744 760 3840 Quamobrem
816 3749 877 3820 si
934 3748 1288 3820 discedere
1373 3745 1724 3820 veremini
1779 3745 1867 3815 ab
1921 3766 2004 3818 ea
2059 3745 2404 3835 catholica

284 3873 585 3953 unitate,
644 3878 837 3942 extra
890 3891 1107 3962 quam
1162 3889 1301 3940 non
1357 3879 1466 3940 est
1519 3868 1709 3951 salus
1743 3913 1766 3950 ‚
1808 3867 1886 3949 ¹si
1946 3887 2162 3952 verae
2217 3866 2412 3940 utili.

288 3993 421 4063 tati
478 3991 705 4084 gentis
762 4002 1037 4064 vestrae
1070 3991 1479 4082 prospicere
1532 3985 1824 4080 cupitis,
1864 3999 2110 4060 cavete
2163 3987 2247 4061 ab
2279 4009 2408 4070 -ar-

293 4111 477 4184 tibus
534 4122 605 4181 et
652 4108 928 4182 insidiis
966 4111 1288 4198 istorum.
1332 4105 1702 4182 Advertite
1760 4128 1934 4180 vero
1977 4107 2406 4199 potissimum

292 4251 381 4302 ue
442 4229 645 4318 vobis
698 4211 1049 4322 ingeratur
1102 4228 1419 4305 confusio
1483 4230 1758 4303 rituum
1816 4237 1888 4300 et
1943 4226 2404 4320 disciplinae,

295 4373 513 4447 quam
567 4353 687 4424 isti
742 4351 991 4426 callide
1050 4349 1371 4426 nituntur
1454 4349 1783 4434 inducere
1849 4346 1920 4459 in
1985 4347 2406 4441 simplicium
