3292 5275
874 449 1040 534 304·

876 615 1012 668 non
1067 591 1386 667 ancillam
1449 613 1486 660 κ
1545 585 1689 694 (ἱ).
1744 587 2189 686 Quapropter
2244 593 2675 687 pastoralem
2742 593 3005 666 sollici-

747 718 754 724 '
873 715 1201 787 tudinem
1245 723 1580 797 vestram,
1629 722 1702 786 et
1756 716 1987 786 zelum
2038 735 2181 807 quo
2236 711 2545 804 flagratis
2602 733 2731 805 pro
2784 713 2993 786 domo

874 831 1063 921 Dei,
1123 834 1338 927 magis
1385 829 1755 928 magisque
1812 829 2193 906 excitamus
2246 845 2317 904 et
2370 833 2807 906 incendimus
2840 881 2863 918 ‚
2922 844 3004 904 ut

878 954 1267 1050 periculum
1321 952 1508 1050 quod
1547 957 1793 1040 instat,
1834 956 2273 1026 contendatis
2314 973 2665 1028 amovere.
2708 948 3003 1044 Magnos

878 1078 1132 1149 immite
1185 1076 1454 1148 animos
1487 1123 1509 1160 ‚
1565 1073 1829 1168 quibus
1884 1075 2163 1169 dignum
2216 1076 2486 1148 virtute
2541 1083 2783 1146 vestra
2848 1095 3009 1146 cer-

877 1208 1112 1270 tamen
1169 1197 1469 1270 obeatiS.
1509 1191 1796 1268 Certum
1851 1217 2151 1291 namque
2188 1192 2425 1280 Nobis,
2472 1194 2647 1266 nibil
2687 1217 2815 1268 vos
2854 1198 3007 1267 fore

877 1315 1118 1390 animis
1159 1338 1404 1411 -neqne
1459 1317 1720 1390 virtute
1772 1319 2089 1388 minores
2144 1318 2233 1388 iis
2266 1310 2802 1389 venerabilibus
2832 1311 3011 1387 Fra-

879 1441 1110 1512 tribus
1150 1485 1173 1522 ‚
1232 1440 1356 1530 qni
1411 1435 1578 1509 alibi
1633 1437 1813 1508 inter
1864 1439 2277 1510 vexationes
2342 1435 2825 1509 acerbissimas
2884 1458 3009 1529 pro

879 1559 1028 1630 bac·
1060 1558 1207 1652 ipsa
1246 1556 1574 1630 libertate
1613 1553 1981 1631 Ecclesiae
2036 1557 2429 1650 opprobriis
2482 1569 2555 1628 et
2606 1557 3013 1630 tribulatio-

879 1679 1086 1753 nibus
1139 1681 1618 1772 spectaculum
1660 1678 1827 1752 facti
1866 1701 2009 1751 non
2047 1679 2253 1750 modo
2294 1678 2611 1770 rapinam
2660 1677 3009 1750 bonorum

879 1802 1162 1874 suorum
1199 1819 1364 1871 eum
1405 1795 1663 1892 gaudio
1700 1797 2121 1891 suscipiunt,
2154 1798 2275 1870 sed
2314 1800 2533 1872 etiam
2566 1797 2643 1868 in
2694 1798 3014 1871 vinculis

897 1919 1244 1992 certamen
1301 1921 1655 1992 sustinent
1710 1919 2112 2012 passionum
2162 1911 2295 2015 (2).

1091 2036 1428 2112 Ceterum
1485 2061 1628 2114 non
1688 2041 1759 2112 in
1815 2041 2089 2113 viribus
2146 2040 2405 2112 nostris
2460 2038 2585 2110 sed
2638 2037 2709 2110 in
2750 2038 3017 2110 virtute

879 2156 1012 2231 Dei
1045 2181 1202 2252 spes
1243 2163 1470 2234 omnis
1509 2163 1740 2255 posita
1778 2172 1887 2232 est
1921 2181 1951 2248 3
1988 2156 2115 2232 Dei
2155 2180 2459 2254 namque
2494 2181 2713 2233 eausa
2754 2161 3019 2251 agitur,

879 2282 1010 2373 qui
1073 2283 1360 2357 oraculo
1415 2303 1777 2375 nunquam
1827 2282 2182 2354 defecturo
2214 2291 2366 2356 'nos
2422 2283 2524 2354 ita
2562 2283 3019 2374 praemonuit

879 2412 953 2472 et
1007 2402 1238 2473 erexit
1280 2423 1320 2471 τ’
1353 2399 1442 2473 :ln
1469 2403 1759 2474 -mundo
1816 2423 2221 2494 pressuram
2272 2400 2642 2485 habebitis,
2688 2401 2813 2474 sed
2848 2423 3029 2472 con-

879 2519 1069 2593 fidite
1103 2568 1123 2605 ‚
1185 2544 1312 2615 ego
1375 2522 1518 2596 vici
1573 2524 1925 2598 mundum'
1968 2513 2101 2620 (3).
2164 2517 2306 2596 Nos
2361 2525 2602 2616 itaque
2632 2569 2655 2606 ‚
2712 2525 2837 2615 qui
2900 2543 3025 2614 pro

885 2648 1174 2715 munere
1215 2640 1907 2737 Nostro‘Apostolico
1963 2646 2037 2715 in
2092 2644 2224 2719 hoc
2276 2645 2467 2717 bello
2522 2652 2671 2717 tam
2708 2644 2919 2715 vario
2954 2653 3031 2715 et

881 2765 1100 2835 atroci
1156 2776 1406 2837 contra
1465 2760 1856 2837 Ecclesiam
1912 2765 2209 2850 indicto,
2246 2763 2487 2835 divina
2544 2764 2775 2854 gratia
2831 2764 3033 2837 infir-

881 2885 1200 2957 mitatem
1237 2880 1568 2959 Nostram
1621 2884 2027 2971 roborante,
2066 2885 2287 2958 duces
2342 2883 2709 2957 constituti
2750 2906 3027 2971 sumuS,

883 3026 972 3077 ea
1031 3005 1236 3077 vobis
1274 3003 1767 3078 renunciamus
1806 3026 1890 3077 ac
1920 3006 2391 3097 spondemus,
2423 3026 2611 3097 quae
2650 3001 2725 3077 S.
2760 3000 3039 3102 Mai-tyr

879 3120 1399 3199 Cantuariensis
1455 3125 1694 3197 verbis
1766 3126 1936 3197 olim
2006 3124 2357 3216 expressit
2435 3124 2594 3199 huic
2674 3130 2907 3199 aetati
2966 3142 3041 3204 et

881 3248 1198 3339 periculo
1233 3249 1552 3339 apprime
1613 3245 2218 3338 congruentibus:
2270 3269 2305 3315 «
2338 3240 2579 3318 Causa
2618 3268 2833 3339 quam
2876 3270 3044 3323 con-

885 3380 994 3439 tra
1049 3387 1178 3439 nos
1232 3376 1586 3439 exercent*
1630 3366 1907 3439 inimici
1968 3360 2333 3441 Ecclesiae
2364 3416 2387 3452 ,
2444 3367 2631 3437 inter
2687 3368 2883 3460 ipsos
2964 3386 3042 3447 et

873 3483 1112 3561 Deum
1165 3496 1306 3567 est,
1361 3486 1526 3579 quia
1583 3506 1713 3561 nos
1741 3488 1951 3560 nihil
2006 3488 2201 3565 allud
2258 3488 2349 3559 ab
2414 3488 2518 3558 eis
2581 3489 3039 3581 quaerimus,

875 3607 1013 3681 nisi
1069 3607 1254 3701 quod
1299 3604 1653 3682 Ecclesiae
1712 3622 1881 3682 suae
1936 3618 2219 3680 aeterno
2278 3618 2713 3681 testamento
2773 3631 2909 3701 pro
2950 3632 3040 3683 ea

889 3744 962 3813 in
1017 3738 1362 3825 susqepta
1419 3749 1644 3803 earne
1680 3725 2093 3801 immortalis
2148 3726 2433 3822 reliquit
2489 3724 2702 3799 Deus.
2760 3726 2843 3802 ln
2906 3730 3047 3802 fide

881 3872 1046 3942 ergo
1101 3859 1174 3923 et
1229 3850 1572 3923 charitate
1611 3845 1837 3921 Chris
1852 3850 1903 3919 ti
1943 3849 2301 3941 exurgatis
2335 3844 2725 3923 Nobiscum
2782 3852 2859 3921 in
2918 3872 3053 3923 au-

879 3973 1142 4045 xilium
1197 3966 1582 4055 Ecclesiae,
1639 3981 1715 4043 et
1770 3970 2197 4044 auctoritate
2252 3980 2325 4043 et
2383 3970 2753 4065 prudentia
2828 3970 3052 4045 vobis

939 4153 950 4165 ⁸
1044 4177 1124 4259 (1)
1166 4174 1230 4242 S.
1277 4177 1564 4241 Anselm.
1635 4176 1848 4261 Epist.
1890 4174 1932 4245 9
1972 4177 2051 4240 ad
2094 4175 2483 4241 Balduinum
2524 4194 2764 4259 regem.

1037 4268 1134 4352 (2)
1175 4270 1341 4335 Heb.
1385 4268 1588 4350 10‚32
1625 4292 1776 4355 seq.
1816 4310 1821 4313 -

1045 4362 1126 4445 (3)
1171 4362 1264 4428 Io.
1306 4361 1410 4446 163
1437 4360 1546 4431 332
