3292 5275
2243 488 2390 571 147

274 646 489 726 teque
544 634 831 725 explere
889 644 1283 704 teneantur.
1343 628 1565 706 Secus
1649 652 1822 707 vero
1897 631 2162 705 eisdem
2215 632 2394 705 iuri-

269 756 407 827 bus
436 802 457 838 ,
516 753 933 840 honoribuS,
990 750 1419 846 privilegiis,
1488 753 1908 845 ceterisque,
1972 752 2230 844 quibus
2307 752 2394 825 de

270 874 628 947 communi
682 875 839 947 iure
895 874 1121 968 deque
1179 874 1488 964 legitima
1536 872 2046 945 consuetudine
2099 874 2394 965 aliarum

270 993 815 1069 cathedralium
870 992 1347 1068 Ecclesiarum
1396 996 1666 1067 relatae
1701 988 2010 1067 Ditionis
2063 989 2394 1085 Capitula

274 1116 649 1209 potiuntur
732 1126 807 1187 et
888 1114 1245 1205 gaudent,
1303 1115 1521 1207 potiri
1578 1127 1654 1186 et
1707 1114 2010 1207 gaudere
2063 1115 2398 1199 valeant3

272 1236 748 1329 impertiendo
777 1282 803 1316 ,
874 1247 953 1307 ut
1006 1235 1143 1307 illic
1208 1236 1423 1307 etiam
1481 1236 1944 1309 instituantur
1999 1252 2126 1309 sex
2181 1230 2396 1307 Pres-

270 1357 513 1450 byteri
570 1353 935 1449 Capeliani
992 1356 1139 1427 sive
1194 1350 1641 1427 Beneficiarii
1710 1375 1836 1429 seu
1894 1350 2398 1441 mansionarii,

272 1479 403 1572 qui
488 1478 799 1551 eiusdem
852 1472 1299 1549 cathedralis
1382 1473 1672 1547 servitio
1755 1475 2134 1567 mancipati
2197 1478 2342 1549 sint
2373 1500 2400 1549 :-

274 1608 797 1690 proptereaque
854 1616 1097 1671 omnes
1171 1596 1249 1667 hi
1310 1605 1688 1668 teneantur
1741 1597 2036 1687 p'ariter-
2064 1595 2237 1669 inibi
2291 1597 2398 1669 di·-

270 1718 579 1809 ligcnter
636 1740 719 1791 ac
775 1719 906 1790 rite
962 1718 1301 1789 interesse
1358 1716 1760 1789 choralibus
1798 1728 1872 1790 et
1909 1718 2071 1789 aliis
2103 1720 2398 1812 quibus·-

272 1860 579 1932 cumque
634 1838 1105 1911 functionibus
1184 1836 1680 1909 ecclesiasticis
1713 1884 1736 1922 ‚
1795 1849 2004 1931 atque
2085 1839 2260 1912 adeo
2315 1853 2399 1915 ut

272 1954 575 2031 Diacoui
608 1970 683 2031 et
720 1954 1149 2031 Subdiaconi
1203 1954 1601 2029 ministeria
1667 1960 1940 2033 alterna
1996 1960 2149 2031 vice
2200 1960 2396 2033 obire

272 2078 833 2171 obstringantur3
861 2100 945 2151 ac
983 2088 1379 2169 praeterea,
1423 2076 1545 2170 qui
1602 2078 1848 2151 horum
1889 2078 1983 2149 sit
2021 2080 2242 2171 prior,
2275 2081 2398 2153 de-

270 2201 445 2273 beat
478 2200 695 2271 etiam
714 2195 1087 2271 Secretarii
1123 2198 1537 2289 capitularis
1547 2220 1571 2285 3
1602 2199 1728 2291 qui
1767 2200 2152 2284 secundm,
2183 2201 2394 2294 primi

276 2314 598 2415 Magistri
634 2320 1264 2406 caeremoniarum
1291 2320 1415 2412 qui
1447 2318 1722 2403 ternuc,
1754 2314 2062 2411 Magistri
2092 2324 2399 2423 musico-—

274 2462 435 2515 rum
490 2442 829 2533 capellae3
880 2442 1007 2533 qui
1062 2451 1381 2533 quartur„
1436 2434 1768 2512 Censoris
1821 2462 1950 2515 scu
2007 2436 2398 2517 Punctato-

274 2564 375 2634 ris
432 2563 717 2635 illorum
748 2608 771 2641 ,
828 2562 951 2655 qui
1008 2562 1271 2654 absque
1325 2562 1497 2649 ‚ulla
1556 2582 1764 2637 causa
1851 2561 2184 2635 canonica
2239 2584 2396 2637 sese

272 2683 685 2757 abstineant
737 2705 779 2754 a
832 2684 1095 2756 chorali
1150 2667 1494 2772 servitio}
1549 2686 1671 2777 qui
1725 2685 2058 2776 quintuS,
2110 2687 2396 2758 secundi

272 2806 717 2900 punctatoris
754 2806 997 2876 munia
1032 2805 1417 2896 adimplere
1457 2813 1861 2876 teneantur.
1901 2800 2168 2876 Effatus
2222 2826 2396 2878 vero

271 2923 799 3000 Canonicorum
852 2946 1213 3012 numer-ua,
1246 2936 1326 2998 ut
1362 2947 1527 2998 cum
1584 2926 1889 3019 primum
1947 2925 2015 2996 id
2071 2924 2220 2998 fieri
2278 2948 2398 3019 po-

274 3047 477 3132 terit,
531 3059 611 3118 ut
662 3058 999 3136 augeatur
1054 3047 1654 3120 commendamus,

488 3159 623 3236 Cui
678 3163 955 3255 quidem
1010 3166 1249 3237 futuro
1286 3159 1645 3258 Capitulo,
1695 3177 1772 3236 ut
1825 3183 2070 3238 omnes
2124 3177 2197 3238 et
2251 3166 2400 3238 sin-

276 3285 423 3377 guli
481 3279 911 3374 Dignitarius
944 3295 1017 3356 ct
1054 3280 1397 3357 Canonici
1454 3287 1825 3378 praedicti,
1885 3307 2014 3358 nec
2069 3305 2207 3358 non
2261 3279 2402 3358 Ca-

274 3405 545 3500 pellani
601 3425 724 3476 seu
778 3400 1227 3478 Beneficiarii
1266 3407 1413 3478 sive
1450 3401 1910 3479 Mansionarii
1965 3419 2106 3478 tam
2164 3409 2237 3478 in
2292 3405 2404 3478 di·-

272 3537 396 3600 cta
430 3522 873 3610 Cathedrali‚
910 3547 1127 3618 quam
1168 3537 1373 3599 extra
1410 3547 1565 3600 eam
1606 3521 1629 3624 (
1661 3522 2129 3601 Dioecesanos
2167 3539 2397 3599 tamen

276 3649 469 3720 intra
524 3642 861 3742 limites),
916 3648 1187 3740 quoties
1226 3646 1714 3739 capitulariter
1749 3648 2247 3729 convenerint,
2301 3647 2402 3718 in·

275 3767 609 3842 dumenta
666 3779 741 3838 et
789 3763 1093 3857 insignia
1172 3769 1485 3842 choralia
1522 3815 1543 3851 ‚
1602 3790 1784 3860 quae
1846 3766 1988 3840 iam
2049 3765 2400 3842 communi

278 3892 431 3964 iure
492 3887 883 3981 respective
938 3888 1009 3960 in
1064 3909 1197 3962 usu
1255 3901 1417 3961 sunt
1492 3890 1567 3959 in
1655 3887 1810 3962 aliis
1864 3883 2398 3962 Cathedralibus

277 4003 687 4082 Mexicanae
741 4009 1056 4093 ditionis,
1102 4010 1189 4082 iis
1230 4023 1467 4082 tamen
1520 4012 1836 4103 exceptis
1893 4031 2078 4103 quac
2135 4031 2226 4084 ex
2285 4031 2402 4104 pe-

282 4130 533 4202 culiari
591 4125 977 4222 privilegio,
1016 4129 1165 4203 sive
1202 4153 1287 4202 ex
1340 4151 1782 4224 quocumque
1841 4131 2124 4221 speciali
2183 4133 2398 4206 etiam

284 4269 582 4324 oneroso
638 4249 839 4322 titulo
896 4249 1157 4323 tuerint
1208 4271 1539 4324 concessa
1606 4263 1680 4324 et
1735 4252 2074 4345 acquisita
2107 4301 2132 4338 ‚
2186 4251 2398 4324 libere

286 4383 349 4446 et
404 4371 600 4448 licite
656 4381 923 4464 gestare
978 4380 1049 4446 et
1103 4370 1433 4448 adhibere
1491 4373 1772 4448 valeant
1805 4421 1826 4456 ‚
1893 4373 2141 4445 eadem
2183 4367 2402 4477 ‘Apo-

1828 4496 1966 4584 10*
