3292 5275
2266 461 2430 547 139

315 624 584 698 dralem
639 616 1112 716 Episcopatus
1143 617 1673 712 Antioquiensis
1726 602 1805 691 in
1838 613 2125 693 Ditione
2159 613 2423 713 Reipu-

321 744 538 818 blicae
565 738 1080 835 Neogranaten.
1121 762 1298 837 quae
1335 741 1406 813 in
1441 734 1755 817 Civitate
1779 734 2193 833 Antioquiae
2230 761 2273 812 a
2306 740 2425 812 fel.

313 864 586 939 record.
601 858 732 937 Pio
757 860 952 957 Papa
973 861 1290 958 Septimo
1311 858 1857 935 Praedecessore
1874 855 2131 933 Nostro
2153 871 2431 933 erectae

313 984 736 1072 fuerunt,ob
761 986 1044 1060 illorum
1074 995 1468 1077 temporum
1495 982 2061 1056 circumstantias
2088 976 2157 1051 in
2186 982 2431 1053 eadem

323 1100 647 1181 Civitate
677 1098 1131 1199 Antioquien.
1161 1106 1450 1199 penitus
1508 1105 1875 1197 supprimi,
1899 1102 2192 1195 illasque
2228 1102 2303 1173 in
2330 1098 2439 1173 al-'

315 1234 540 1305 teram
589 1226 906 1302 eiusdem
931 1221 1402 1319 Episcopatus
1441 1220 1805 1298 Dioecesis
1858 1225 2159 1298 interius
2207 1222 2439 1302 consi-

331 1347 540 1419 sitam
579 1342 956 1421 Civitatem
985 1340 1360 1421 Modellen.
1393 1356 1860 1438 nuncupatam
1918 1346 2061 1418 una'
2092 1366 2249 1421 cum
2288 1347 2435 1419 suis

319 1460 648 1559 capitulo
679 1478 752 1539 et
781 1462 1186 1551 Canonicis,
1203 1486 1336 1539 nee
1373 1488 1514 1539 non
1539 1462 1937 1559 Episcopali
1965 1456 2433 1553 Cancella‘ria3

319 1587 910 1682 quemadmodum
967 1599 1138 1663 tune
1190 1588 1527 1679 expedire
1589 1586 2151 1678 dignoscebatur,
2201 1597 2440 1661 trans-

319 1705 514 1791 ferri,
545 1708 782 1800 ibique
837 1709 1017 1798 erigi
1073 1718 1148 1781 ct
1201 1709 1476 1781 institui
1531 1702 1941 1800 Apostolica
1992 1702 2251 1781 Nostra
2288 1702 2439 1782 Au-

323 1824 648 1906 ctoritate
677 1827 1178 1913 concessimus,
1203 1848 1432 1903 novae
1463 1828 1628 1900 huic
1654 1824 2021 1901 Ecclesiae
2050 1827 2339 1921 eiusque
2370 1830 2441 1899 in

324 1960 638 2041 tempore
670 1946 986 2029 Antistiti
1039 1950 1328 2023 titulum
1363 1970 1449 2021 ac
1487 1947 2115 2021 denominationem
2144 1945 2441 2041 Episco-

321 2080 528 2161 patus
565 2080 638 2141 et
667 2066 996 2164 Episcopi
1027 2064 1392 2145 Medellen.
1426 2080 1498 2140 et
1531 2066 1993 2163 Antioquien.
2022 2070 2429 2143 tribuendo.

325 2184 425 2261 Et
473 2192 805 2283 quoniam
843 2191 984 2269 iam
1007 2186 1224 2289 Nobis
1278 2190 1767 2265 innotescebat
1822 2191 2041 2283 ipsius
2074 2186 2439 2263 Dioecesis

329 2310 756 2397 territorium
821 2321 962 2385 tam
993 2330 1000 2336 ·
1027 2313 1166 2384 late
1233 2320 1646 2404 protentum
1692 2332 1882 2393 esse,
1915 2310 2229 2405 adeoque
2290 2332 2445 2386 ma-

327 2454 464 2523 gno
521 2432 774 2523 iugiter
829 2432 1461 2507 increbeseentium
1519 2434 1903 2506 incolarum
1956 2450 2248 2505 numero
2290 2452 2443 2505 esse

331 2554 750 2639 confertum,
783 2565 863 2627 ut
917 2572 1104 2627 unus
1161 2549 1556 2647 Episcopus
1611 2554 1701 2625 ad
1756 2553 2263 2627 occurrendum
2300 2554 2446 2645 spi-

333 2673 708 2746 ritualibus
763 2693 1006 2749 eorum
1059 2673 1604 2751 necessitatibus
1643 2676 1959 2774 sufficere
1994 2673 2281 2746 minime
2316 2658 2469 2746 vit-⁸

333 2795 538 2880 leret,
572 2795 820 2868 eodem
839 2791 1140 2870 Decreto
1169 2791 1386 2872 Nobis
1411 2791 1869 2888 sanctaeque.
1886 2795 2053 2870 hnic
2076 2789 2449 2886 SediApo-

333 2919 626 2993 stolicae
681 2917 974 2992 liberam
1027 2918 1432 2997 facultatem
1493 2914 1783 2991 ‚ineundi
1837 2917 2181 3009 aptiorem
2238 2933 2449 3006 super

331 3061 420 3127 ea
471 3034 795 3129 Dioecesi
867 3039 1602 3133 circumscriptionem.
1637 3039 2193 3122 reservavimus,
2244 3045 2450 3129 prout

332 3134 962 3254 praemissa‚omnia
980 3159 1184 3240 effato
1195 3155 1494 3238 Decreta
1529 3157 1814 3256 debitae
1837 3155 2307 3250 exequutioni
2328 3156 2453 3228 de·-

339 3280 661 3355 mandato
689 3280 966 3373 plenius
995 3281 1438 3364 continentur
1459 3268 1588 3377 (1).
1615 3275 1801 3354 Cum
1826 3278 2057 3372 itaque
2088 3276 2452 3368 regionum

335 3424 466 3476 seu
522 3404 827 3481 locorum
858 3423 899 3474 a
933 3402 1257 3492 praefata
1287 3395 2051 3492 Episcopali-Eoeiesia
2107 3399 2327 3491 longe.
2348 3397 2458 3468 di·-

339 3522 678 3598 stantium
731 3520 1008 3596 Incolae
1045 3533 1132 3594 et·
1156 3522 1528 3614 praecipue
1575 3516 1837 3593 Dilecti
1875 3515 2039 3592 Filii
2075 3516 2319 3592 Clerus
2383 3529 2455 3590 et

336 3639 652 3736 Populus
679 3645 908 3716 dictae
945 3639 1272 3717 Civitatis
1300 3637 1751 3736 Antioquien.
1794 3637 2046 3714 Sedem
2101 3651 2173 3712 et
2200 3635 2453 3712 Eccle-

337 3765 518 3840 siam
556 3761 1007 3858 Episcopales
1039 3785 1202 3836 cum
1239 3765 1526 3856 propria
1562 3763 1976 3855 particulari
2008 3771 2083 3834 et
2130 3767 2459 3855 separata

341 3881 665 3960 Dioecesi
721 3887 897 3974 inibi
952 3907 1076 3979 per
1139 3880 1280 3958 Nos
1334 3886 1798 3978 eamdemque
1874 3877 2126 3956 Sedem
2148 3936 2155 3945 .
2176 3882 2452 3954 instau-

339 4008 484 4080 rari
540 4009 1022 4082 vehementius
1079 4007 1156 4080 in
1208 4007 1398 4090 votis
1453 4005 1789 4092 babeant,
1847 4004 2057 4096 idque
2117 4025 2163 4110 ‘a
2224 3996 2449 4074 Nobis

345 4140 422 4202 et
437 4125 632 4220 Sede.
649 4129 968 4224 praelata
1003 4129 1236 4214 enixis
1261 4128 1596 4222 precibus
1629 4127 2005 4221 impetrare
2044 4122 2463 4207 studuerint,

347 4340 360 4358 *
481 4395 562 4484 (1)
601 4397 962 4484 vid-„Acta
1001 4393 1138 4470 rol',
1181 4391 1262 4464 vi
1290 4413 1436 4481 pag.
1477 4392 1620 4464 359.
