<?xml version="1.0" encoding="UTF-8"?>
<!DOCTYPE html PUBLIC "-//W3C//DTD XHTML 1.0 Transitional//EN"
    "http://www.w3.org/TR/xhtml1/DTD/xhtml1-transitional.dtd">
<html xmlns="http://www.w3.org/1999/xhtml" xml:lang="en" lang="en">
 <head>
  <title>
</title>
<meta http-equiv="Content-Type" content="text/html;charset=utf-8" />
  <meta name='ocr-system' content='tesseract 3.04.00' />
  <meta name='ocr-capabilities' content='ocr_page ocr_carea ocr_par ocr_line ocrx_word'/>
</head>
<body>
  <div class='ocr_page' id='page_1' title='image "./piiixpontificis01ixgoog_0143.png"; bbox 0 0 3292 5275; ppageno 0'>
   <div class='ocr_carea' id='block_1_1' title="bbox 264 624 2388 4232">
    <p class='ocr_par' dir='ltr' id='par_1_1' title="bbox 264 624 2388 3858">
     <span class='ocr_line' id='line_1_1' title="bbox 282 624 2384 716; baseline 0.001 -17"><span class='ocrx_word' id='word_1_1' title='bbox 282 627 615 700; x_wconf 85' lang='lat' dir='ltr'><strong>niendum</strong></span> <span class='ocrx_word' id='word_1_2' title='bbox 670 630 1255 703; x_wconf 66' lang='lat' dir='ltr'><strong>existimavimus</strong></span> <span class='ocrx_word' id='word_1_3' title='bbox 1314 624 1513 716; x_wconf 81' lang='lat' dir='ltr'><strong>Quae</strong></span> <span class='ocrx_word' id='word_1_4' title='bbox 1548 649 1706 701; x_wconf 78' lang='lat' dir='ltr'><strong>cnm</strong></span> <span class='ocrx_word' id='word_1_5' title='bbox 1745 630 1848 701; x_wconf 78' lang='lat' dir='ltr'><strong>ita</strong></span> <span class='ocrx_word' id='word_1_6' title='bbox 1899 630 2066 715; x_wconf 80' lang='lat' dir='ltr'><strong>sint,</strong></span> <span class='ocrx_word' id='word_1_7' title='bbox 2123 641 2384 703; x_wconf 83' lang='lat' dir='ltr'><strong>attenta</strong></span> 
     </span>
     <span class='ocr_line' id='line_1_2' title="bbox 280 742 2385 842; baseline 0.004 -26"><span class='ocrx_word' id='word_1_8' title='bbox 280 766 363 819; x_wconf 87' lang='lat' dir='ltr'><strong>ac</strong></span> <span class='ocrx_word' id='word_1_9' title='bbox 418 746 657 819; x_wconf 84' lang='lat' dir='ltr'><strong>sedula</strong></span> <span class='ocrx_word' id='word_1_10' title='bbox 700 746 1193 821; x_wconf 73' lang='lat' dir='ltr'><strong>deliberatione</strong></span> <span class='ocrx_word' id='word_1_11' title='bbox 1228 742 1511 833; x_wconf 83' lang='lat' dir='ltr'><strong>Nostra,</strong></span> <span class='ocrx_word' id='word_1_12' title='bbox 1552 756 1766 842; x_wconf 83' lang='lat' dir='ltr'><strong>atque</strong></span> <span class='ocrx_word' id='word_1_13' title='bbox 1810 770 1908 823; x_wconf 86' lang='lat' dir='ltr'><strong>ex</strong></span> <span class='ocrx_word' id='word_1_14' title='bbox 1943 745 2385 842; x_wconf 82' lang='lat' dir='ltr'><strong>Apostolicae</strong></span> 
     </span>
     <span class='ocr_line' id='line_1_3' title="bbox 280 863 2386 961; baseline 0.002 -22"><span class='ocrx_word' id='word_1_15' title='bbox 280 865 649 957; x_wconf 83' lang='lat' dir='ltr'><strong>potestatis</strong></span> <span class='ocrx_word' id='word_1_16' title='bbox 702 867 1161 961; x_wconf 83' lang='lat' dir='ltr'><strong>plenitudine,</strong></span> <span class='ocrx_word' id='word_1_17' title='bbox 1204 868 1275 939; x_wconf 92' lang='lat' dir='ltr'><strong>in</strong></span> <span class='ocrx_word' id='word_1_18' title='bbox 1314 866 1666 941; x_wconf 86' lang='lat' dir='ltr'><strong>territorio</strong></span> <span class='ocrx_word' id='word_1_19' title='bbox 1720 863 2043 943; x_wconf 86' lang='lat' dir='ltr'><strong>Floridae</strong></span> <span class='ocrx_word' id='word_1_20' title='bbox 2099 888 2386 955; x_wconf 80' lang='lat' dir='ltr'><strong>novam,</strong></span> 
     </span>
     <span class='ocr_line' id='line_1_4' title="bbox 280 982 2386 1083; baseline 0.002 -26"><span class='ocrx_word' id='word_1_21' title='bbox 280 985 473 1057; x_wconf 84' lang='lat' dir='ltr'><strong>hisce</strong></span> <span class='ocrx_word' id='word_1_22' title='bbox 519 982 837 1075; x_wconf 84' lang='lat' dir='ltr'><strong>Litteris,</strong></span> <span class='ocrx_word' id='word_1_23' title='bbox 871 984 1363 1083; x_wconf 85' lang='lat' dir='ltr'><strong>Episcopalem</strong></span> <span class='ocrx_word' id='word_1_24' title='bbox 1414 984 1670 1063; x_wconf 85' lang='lat' dir='ltr'><strong>Sedem</strong></span> <span class='ocrx_word' id='word_1_25' title='bbox 1723 989 2084 1080; x_wconf 76' lang='lat' dir='ltr'><strong>erigimus,</strong></span> <span class='ocrx_word' id='word_1_26' title='bbox 2139 989 2386 1062; x_wconf 80' lang='lat' dir='ltr'><strong>iisdem</strong></span> 
     </span>
     <span class='ocr_line' id='line_1_5' title="bbox 280 1102 2388 1203; baseline 0.002 -27"><span class='ocrx_word' id='word_1_27' title='bbox 280 1103 621 1178; x_wconf 82' lang='lat' dir='ltr'><strong>limitibus</strong></span> <span class='ocrx_word' id='word_1_28' title='bbox 672 1106 1031 1181; x_wconf 83' lang='lat' dir='ltr'><strong>definitam</strong></span> <span class='ocrx_word' id='word_1_29' title='bbox 1061 1157 1084 1193; x_wconf 91' lang='lat'>,</span> <span class='ocrx_word' id='word_1_30' title='bbox 1140 1108 1419 1203; x_wconf 84' lang='lat' dir='ltr'><strong>quibus·</strong></span> <span class='ocrx_word' id='word_1_31' title='bbox 1454 1121 1662 1185; x_wconf 81' lang='lat' dir='ltr'><strong>vetus</strong></span> <span class='ocrx_word' id='word_1_32' title='bbox 1716 1102 2111 1181; x_wconf 72' lang='lat' dir='ltr'><strong>vicariatus</strong></span> <span class='ocrx_word' id='word_1_33' title='bbox 2163 1111 2388 1183; x_wconf 88' lang='lat' dir='ltr'><strong>conti-</strong></span> 
     </span>
     <span class='ocr_line' id='line_1_6' title="bbox 278 1220 2384 1324; baseline 0.003 -26"><span class='ocrx_word' id='word_1_34' title='bbox 278 1226 583 1300; x_wconf 85' lang='lat' dir='ltr'><strong>nebatur</strong></span> <span class='ocrx_word' id='word_1_35' title='bbox 604 1276 627 1315; x_wconf 84' lang='lat'><strong>,</strong></span> <span class='ocrx_word' id='word_1_36' title='bbox 680 1227 881 1324; x_wconf 86' lang='lat' dir='ltr'><strong>eique</strong></span> <span class='ocrx_word' id='word_1_37' title='bbox 947 1251 988 1302; x_wconf 87' lang='lat' dir='ltr'><strong>a</strong></span> <span class='ocrx_word' id='word_1_38' title='bbox 1053 1226 1359 1303; x_wconf 81' lang='lat' dir='ltr'><strong>Civitate</strong></span> <span class='ocrx_word' id='word_1_39' title='bbox 1415 1226 1658 1304; x_wconf 81' lang='lat' dir='ltr'>Sancti</span> <span class='ocrx_word' id='word_1_40' title='bbox 1709 1220 2074 1321; x_wconf 60' lang='lat' dir='ltr'><strong>Augustini</strong></span> <span class='ocrx_word' id='word_1_41' title='bbox 2129 1248 2384 1304; x_wconf 87' lang='lat' dir='ltr'><strong>nomen</strong></span> 
     </span>
     <span class='ocr_line' id='line_1_7' title="bbox 276 1330 2388 1444; baseline 0.004 -27"><span class='ocrx_word' id='word_1_42' title='bbox 276 1342 435 1417; x_wconf 80' lang='lat' dir='ltr'><strong>fieri</strong></span> <span class='ocrx_word' id='word_1_43' title='bbox 488 1348 925 1423; x_wconf 84' lang='lat' dir='ltr'><strong>mandamus.</strong></span> <span class='ocrx_word' id='word_1_44' title='bbox 986 1346 1175 1423; x_wconf 88' lang='lat' dir='ltr'><strong>lllam</strong></span> <span class='ocrx_word' id='word_1_45' title='bbox 1230 1371 1437 1443; x_wconf 87' lang='lat' dir='ltr'><strong>porro</strong></span> <span class='ocrx_word' id='word_1_46' title='bbox 1492 1330 1994 1444; x_wconf 75' lang='lat' dir='ltr'><strong>suffraganeam</strong></span> <span class='ocrx_word' id='word_1_47' title='bbox 2065 1372 2220 1423; x_wconf 88' lang='lat' dir='ltr'><strong>esse</strong></span> <span class='ocrx_word' id='word_1_48' title='bbox 2276 1350 2388 1425; x_wconf 89' lang='lat' dir='ltr'><strong>iu-</strong></span> 
     </span>
     <span class='ocr_line' id='line_1_8' title="bbox 276 1464 2384 1564; baseline 0.003 -26"><span class='ocrx_word' id='word_1_49' title='bbox 276 1464 527 1539; x_wconf 83' lang='lat' dir='ltr'><strong>bemus</strong></span> <span class='ocrx_word' id='word_1_50' title='bbox 579 1464 1103 1564; x_wconf 86' lang='lat' dir='ltr'><strong>Archiepiscopi</strong></span> <span class='ocrx_word' id='word_1_51' title='bbox 1158 1466 1686 1549; x_wconf 70' lang='lat' dir='ltr'><strong>Balt‘imorensis</strong></span> <span class='ocrx_word' id='word_1_52' title='bbox 1715 1516 1738 1555; x_wconf 85' lang='lat'><strong>,</strong></span> <span class='ocrx_word' id='word_1_53' title='bbox 1791 1480 2006 1563; x_wconf 66' lang='lat' dir='ltr'><strong>atquc</strong></span> <span class='ocrx_word' id='word_1_54' title='bbox 2069 1472 2384 1545; x_wconf 86' lang='lat' dir='ltr'><strong>omnibus</strong></span> 
     </span>
     <span class='ocr_line' id='line_1_9' title="bbox 278 1587 2384 1686; baseline 0.004 -29"><span class='ocrx_word' id='word_1_55' title='bbox 278 1587 587 1673; x_wconf 74' lang='lat' dir='ltr'><strong>iurihuS,</strong></span> <span class='ocrx_word' id='word_1_56' title='bbox 643 1589 1019 1664; x_wconf 84' lang='lat' dir='ltr'><strong>honoribus</strong></span> <span class='ocrx_word' id='word_1_57' title='bbox 1074 1590 1599 1686; x_wconf 81' lang='lat' dir='ltr'><strong>privilegiisque</strong></span> <span class='ocrx_word' id='word_1_58' title='bbox 1651 1593 1787 1663; x_wconf 77' lang='lat' dir='ltr'><strong>frui</strong></span> <span class='ocrx_word' id='word_1_59' title='bbox 1821 1639 1842 1676; x_wconf 85' lang='lat'><strong>,</strong></span> <span class='ocrx_word' id='word_1_60' title='bbox 1897 1591 2152 1685; x_wconf 84' lang='lat' dir='ltr'><strong>quibus</strong></span> <span class='ocrx_word' id='word_1_61' title='bbox 2201 1593 2384 1665; x_wconf 84' lang='lat' dir='ltr'><strong>aliae</strong></span> 
     </span>
     <span class='ocr_line' id='line_1_10' title="bbox 276 1702 2386 1821; baseline 0.003 -42"><span class='ocrx_word' id='word_1_62' title='bbox 276 1702 729 1802; x_wconf 84' lang='lat' dir='ltr'><strong>Episcopales</strong></span> <span class='ocrx_word' id='word_1_63' title='bbox 780 1706 1137 1785; x_wconf 80' lang='lat' dir='ltr'><strong>Ecclesiae</strong></span> <span class='ocrx_word' id='word_1_64' title='bbox 1214 1714 1532 1785; x_wconf 82' lang='lat' dir='ltr'><strong>fruuntur</strong></span> <span class='ocrx_word' id='word_1_65' title='bbox 1563 1759 1586 1796; x_wconf 86' lang='lat'><strong><em>‚</em></strong></span> <span class='ocrx_word' id='word_1_66' title='bbox 1646 1721 1746 1785; x_wconf 90' lang='lat' dir='ltr'><strong>et·</strong></span> <span class='ocrx_word' id='word_1_67' title='bbox 1785 1712 2113 1821; x_wconf 77' lang='lat' dir='ltr'><strong>gaudent.</strong></span> <span class='ocrx_word' id='word_1_68' title='bbox 2195 1706 2386 1785; x_wconf 84' lang='lat' dir='ltr'><strong>Haec</strong></span> 
     </span>
     <span class='ocr_line' id='line_1_11' title="bbox 274 1828 2387 1917; baseline 0.003 -17"><span class='ocrx_word' id='word_1_69' title='bbox 274 1829 720 1913; x_wconf 84' lang='lat' dir='ltr'><strong>mandamus,</strong></span> <span class='ocrx_word' id='word_1_70' title='bbox 760 1830 1111 1917; x_wconf 83' lang='lat' dir='ltr'><strong>iubemus,</strong></span> <span class='ocrx_word' id='word_1_71' title='bbox 1170 1832 1505 1907; x_wconf 85' lang='lat' dir='ltr'><strong>volumus</strong></span> <span class='ocrx_word' id='word_1_72' title='bbox 1559 1833 2020 1907; x_wconf 76' lang='lat' dir='ltr'>decernentes</span> <span class='ocrx_word' id='word_1_73' title='bbox 2074 1832 2202 1905; x_wconf 83' lang='lat' dir='ltr'><strong>has</strong></span> <span class='ocrx_word' id='word_1_74' title='bbox 2253 1828 2387 1906; x_wconf 89' lang='lat' dir='ltr'><strong>No-</strong></span> 
     </span>
     <span class='ocr_line' id='line_1_12' title="bbox 276 1947 2384 2036; baseline 0.001 -13"><span class='ocrx_word' id='word_1_75' title='bbox 276 1960 469 2023; x_wconf 81' lang='lat' dir='ltr'><strong>stras</strong></span> <span class='ocrx_word' id='word_1_76' title='bbox 523 1947 827 2025; x_wconf 80' lang='lat' dir='ltr'><strong>Litteras</strong></span> <span class='ocrx_word' id='word_1_77' title='bbox 858 2001 880 2036; x_wconf 89' lang='lat'>,</span> <span class='ocrx_word' id='word_1_78' title='bbox 938 1951 1209 2036; x_wconf 65' lang='lat' dir='ltr'><strong>firmas»,</strong></span> <span class='ocrx_word' id='word_1_79' title='bbox 1270 1953 1541 2028; x_wconf 83' lang='lat' dir='ltr'><strong>validas</strong></span> <span class='ocrx_word' id='word_1_80' title='bbox 1594 1966 1670 2026; x_wconf 89' lang='lat' dir='ltr'><strong>et</strong></span> <span class='ocrx_word' id='word_1_81' title='bbox 1719 1956 2032 2027; x_wconf 85' lang='lat' dir='ltr'><strong>efficaces</strong></span> <span class='ocrx_word' id='word_1_82' title='bbox 2086 1952 2384 2027; x_wconf 77' lang='lat' dir='ltr'><strong>existere</strong></span> 
     </span>
     <span class='ocr_line' id='line_1_13' title="bbox 276 2072 2384 2167; baseline 0.001 -24"><span class='ocrx_word' id='word_1_83' title='bbox 276 2083 351 2143; x_wconf 81' lang='lat' dir='ltr'><strong>et</strong></span> <span class='ocrx_word' id='word_1_84' title='bbox 400 2073 577 2159; x_wconf 80' lang='lat' dir='ltr'><strong>fore,</strong></span> <span class='ocrx_word' id='word_1_85' title='bbox 630 2092 935 2167; x_wconf 86' lang='lat' dir='ltr'><strong>suosque</strong></span> <span class='ocrx_word' id='word_1_86' title='bbox 992 2074 1345 2166; x_wconf 86' lang='lat' dir='ltr'><strong>plenarios</strong></span> <span class='ocrx_word' id='word_1_87' title='bbox 1396 2086 1471 2147; x_wconf 89' lang='lat' dir='ltr'><strong>et</strong></span> <span class='ocrx_word' id='word_1_88' title='bbox 1522 2076 1830 2167; x_wconf 76' lang='lat' dir='ltr'><strong>integros</strong></span> <span class='ocrx_word' id='word_1_89' title='bbox 1883 2072 2170 2148; x_wconf 80' lang='lat' dir='ltr'><strong>effectus</strong></span> <span class='ocrx_word' id='word_1_90' title='bbox 2224 2094 2384 2147; x_wconf 86' lang='lat' dir='ltr'><strong>sor-</strong></span> 
     </span>
     <span class='ocr_line' id='line_1_14' title="bbox 276 2192 2384 2289; baseline 0.002 -26"><span class='ocrx_word' id='word_1_91' title='bbox 276 2192 399 2263; x_wconf 87' lang='lat' dir='ltr'><strong>tiri</strong></span> <span class='ocrx_word' id='word_1_92' title='bbox 454 2201 529 2263; x_wconf 89' lang='lat' dir='ltr'><strong>et</strong></span> <span class='ocrx_word' id='word_1_93' title='bbox 584 2193 901 2266; x_wconf 86' lang='lat' dir='ltr'><strong>obtinere</strong></span> <span class='ocrx_word' id='word_1_94' title='bbox 934 2240 957 2276; x_wconf 91' lang='lat'>‚</span> <span class='ocrx_word' id='word_1_95' title='bbox 1016 2214 1097 2266; x_wconf 81' lang='lat' dir='ltr'><strong>ac</strong></span> <span class='ocrx_word' id='word_1_96' title='bbox 1174 2194 1313 2267; x_wconf 89' lang='lat' dir='ltr'><strong>illis</strong></span> <span class='ocrx_word' id='word_1_97' title='bbox 1366 2196 1456 2267; x_wconf 82' lang='lat' dir='ltr'><strong>ad</strong></span> <span class='ocrx_word' id='word_1_98' title='bbox 1510 2213 1684 2289; x_wconf 80' lang='lat' dir='ltr'><strong>quos</strong></span> <span class='ocrx_word' id='word_1_99' title='bbox 1735 2206 2006 2288; x_wconf 83' lang='lat' dir='ltr'><strong>spectat</strong></span> <span class='ocrx_word' id='word_1_100' title='bbox 2035 2242 2060 2279; x_wconf 91' lang='lat'>‚</span> <span class='ocrx_word' id='word_1_101' title='bbox 2123 2205 2198 2266; x_wconf 89' lang='lat' dir='ltr'><strong>et</strong></span> <span class='ocrx_word' id='word_1_102' title='bbox 2255 2214 2384 2287; x_wconf 86' lang='lat' dir='ltr'><strong>pro</strong></span> 
     </span>
     <span class='ocr_line' id='line_1_15' title="bbox 274 2309 2382 2409; baseline 0.002 -26"><span class='ocrx_word' id='word_1_103' title='bbox 274 2323 595 2405; x_wconf 88' lang='lat' dir='ltr'><strong>tempore</strong></span> <span class='ocrx_word' id='word_1_104' title='bbox 643 2309 1223 2409; x_wconf 76' lang='lat' dir='ltr'><strong>quandocumque</strong></span> <span class='ocrx_word' id='word_1_105' title='bbox 1268 2314 1613 2409; x_wconf 84' lang='lat' dir='ltr'><strong>spectabit</strong></span> <span class='ocrx_word' id='word_1_106' title='bbox 1649 2316 1721 2387; x_wconf 89' lang='lat' dir='ltr'><strong>in</strong></span> <span class='ocrx_word' id='word_1_107' title='bbox 1756 2316 2076 2389; x_wconf 75' lang='lat' dir='ltr'><strong>omnibus</strong></span> <span class='ocrx_word' id='word_1_108' title='bbox 2126 2326 2206 2387; x_wconf 86' lang='lat' dir='ltr'><strong>et</strong></span> <span class='ocrx_word' id='word_1_109' title='bbox 2255 2333 2382 2407; x_wconf 85' lang='lat' dir='ltr'><strong>per</strong></span> 
     </span>
     <span class='ocr_line' id='line_1_16' title="bbox 274 2434 2384 2530; baseline 0.001 -26"><span class='ocrx_word' id='word_1_110' title='bbox 274 2434 513 2505; x_wconf 84' lang='lat' dir='ltr'><strong>omnia</strong></span> <span class='ocrx_word' id='word_1_111' title='bbox 550 2434 949 2527; x_wconf 75' lang='lat' dir='ltr'><strong>plenissime</strong></span> <span class='ocrx_word' id='word_1_112' title='bbox 988 2436 1383 2527; x_wconf 75' lang='lat' dir='ltr'><strong>suffragari,</strong></span> <span class='ocrx_word' id='word_1_113' title='bbox 1420 2438 1660 2530; x_wconf 68' lang='lat' dir='ltr'><strong>sicque</strong></span> <span class='ocrx_word' id='word_1_114' title='bbox 1699 2436 1774 2507; x_wconf 87' lang='lat' dir='ltr'><strong>in</strong></span> <span class='ocrx_word' id='word_1_115' title='bbox 1814 2435 2214 2527; x_wconf 81' lang='lat' dir='ltr'><strong>praemissis</strong></span> <span class='ocrx_word' id='word_1_116' title='bbox 2257 2455 2384 2527; x_wconf 83' lang='lat' dir='ltr'><strong>per</strong></span> 
     </span>
     <span class='ocr_line' id='line_1_17' title="bbox 272 2548 2380 2650; baseline 0 -21"><span class='ocrx_word' id='word_1_117' title='bbox 272 2574 747 2650; x_wconf 85' lang='lat' dir='ltr'><strong>quoscumque</strong></span> <span class='ocrx_word' id='word_1_118' title='bbox 802 2554 1066 2629; x_wconf 83' lang='lat' dir='ltr'><strong>iudices</strong></span> <span class='ocrx_word' id='word_1_119' title='bbox 1120 2550 1539 2629; x_wconf 79' lang='lat' dir='ltr'><strong>ordinarios</strong></span> <span class='ocrx_word' id='word_1_120' title='bbox 1590 2568 1665 2629; x_wconf 85' lang='lat' dir='ltr'><strong>et</strong></span> <span class='ocrx_word' id='word_1_121' title='bbox 1718 2548 2112 2648; x_wconf 72' lang='lat' dir='ltr'><strong>Denegatos,</strong></span> <span class='ocrx_word' id='word_1_122' title='bbox 2165 2555 2380 2629; x_wconf 83' lang='lat' dir='ltr'><strong>etiam</strong></span> 
     </span>
     <span class='ocr_line' id='line_1_18' title="bbox 270 2672 2379 2773; baseline -0 -25"><span class='ocrx_word' id='word_1_123' title='bbox 270 2695 641 2750; x_wconf 86' lang='lat' dir='ltr'><strong>causarum</strong></span> <span class='ocrx_word' id='word_1_124' title='bbox 679 2672 925 2749; x_wconf 85' lang='lat' dir='ltr'><strong>Palatii</strong></span> <span class='ocrx_word' id='word_1_125' title='bbox 954 2672 1201 2750; x_wconf 80' lang='lat' dir='ltr'><strong>Nostri</strong></span> <span class='ocrx_word' id='word_1_126' title='bbox 1238 2675 1624 2773; x_wconf 84' lang='lat' dir='ltr'><strong>Apostolici</strong></span> <span class='ocrx_word' id='word_1_127' title='bbox 1679 2677 2032 2750; x_wconf 80' lang='lat' dir='ltr'><strong>auditores</strong></span> <span class='ocrx_word' id='word_1_128' title='bbox 2087 2674 2379 2750; x_wconf 86' lang='lat' dir='ltr'><strong>iudicari</strong></span> 
     </span>
     <span class='ocr_line' id='line_1_19' title="bbox 268 2792 2381 2882; baseline 0 -13"><span class='ocrx_word' id='word_1_129' title='bbox 268 2806 349 2869; x_wconf 90' lang='lat' dir='ltr'><strong>et</strong></span> <span class='ocrx_word' id='word_1_130' title='bbox 400 2793 681 2870; x_wconf 76' lang='lat' dir='ltr'><strong>definiri</strong></span> <span class='ocrx_word' id='word_1_131' title='bbox 732 2792 1015 2882; x_wconf 83' lang='lat' dir='ltr'><strong>debere,</strong></span> <span class='ocrx_word' id='word_1_132' title='bbox 1056 2819 1137 2870; x_wconf 89' lang='lat' dir='ltr'><strong>ac</strong></span> <span class='ocrx_word' id='word_1_133' title='bbox 1192 2797 1463 2870; x_wconf 85' lang='lat' dir='ltr'><strong>irritum</strong></span> <span class='ocrx_word' id='word_1_134' title='bbox 1520 2804 1591 2870; x_wconf 87' lang='lat' dir='ltr'><strong>et</strong></span> <span class='ocrx_word' id='word_1_135' title='bbox 1645 2799 1850 2870; x_wconf 84' lang='lat' dir='ltr'><strong>inane</strong></span> <span class='ocrx_word' id='word_1_136' title='bbox 1905 2796 1964 2870; x_wconf 90' lang='lat' dir='ltr'><strong>si</strong></span> <span class='ocrx_word' id='word_1_137' title='bbox 2017 2817 2221 2870; x_wconf 84' lang='lat' dir='ltr'><strong>secus</strong></span> <span class='ocrx_word' id='word_1_138' title='bbox 2268 2802 2381 2869; x_wconf 78' lang='lat' dir='ltr'><strong>s&#39;u·</strong></span> 
     </span>
     <span class='ocr_line' id='line_1_20' title="bbox 268 2905 2378 3012; baseline 0.001 -25"><span class='ocrx_word' id='word_1_139' title='bbox 268 2935 399 3011; x_wconf 88' lang='lat' dir='ltr'><strong>per</strong></span> <span class='ocrx_word' id='word_1_140' title='bbox 448 2916 561 2990; x_wconf 78' lang='lat' dir='ltr'><strong>liis</strong></span> <span class='ocrx_word' id='word_1_141' title='bbox 614 2935 657 2988; x_wconf 88' lang='lat' dir='ltr'><strong>a</strong></span> <span class='ocrx_word' id='word_1_142' title='bbox 708 2937 1065 3012; x_wconf 84' lang='lat' dir='ltr'><strong>quoquam</strong></span> <span class='ocrx_word' id='word_1_143' title='bbox 1116 2920 1375 3010; x_wconf 79' lang='lat' dir='ltr'><strong>quavis</strong></span> <span class='ocrx_word' id='word_1_144' title='bbox 1430 2905 1842 3006; x_wconf 79' lang='lat' dir='ltr'><strong>anctoritate</strong></span> <span class='ocrx_word' id='word_1_145' title='bbox 1906 2916 2210 2990; x_wconf 76' lang='lat' dir='ltr'><strong>scienter</strong></span> <span class='ocrx_word' id='word_1_146' title='bbox 2263 2919 2378 2990; x_wconf 80' lang='lat' dir='ltr'><strong>vel</strong></span> 
     </span>
     <span class='ocr_line' id='line_1_21' title="bbox 266 3033 2380 3132; baseline 0.001 -25"><span class='ocrx_word' id='word_1_147' title='bbox 266 3037 675 3128; x_wconf 74' lang='lat' dir='ltr'><strong>ignoranter</strong></span> <span class='ocrx_word' id='word_1_148' title='bbox 706 3038 1078 3130; x_wconf 78' lang='lat' dir='ltr'><strong>contigerit</strong></span> <span class='ocrx_word' id='word_1_149' title='bbox 1114 3040 1477 3112; x_wconf 85' lang='lat' dir='ltr'><strong>attentari.</strong></span> <span class='ocrx_word' id='word_1_150' title='bbox 1528 3033 1684 3113; x_wconf 82' lang='lat' dir='ltr'><strong>Non</strong></span> <span class='ocrx_word' id='word_1_151' title='bbox 1721 3039 2380 3132; x_wconf 82' lang='lat' dir='ltr'><strong>obstantibus,·qua·</strong></span> 
     </span>
     <span class='ocr_line' id='line_1_22' title="bbox 268 3153 2375 3254; baseline 0.002 -26"><span class='ocrx_word' id='word_1_152' title='bbox 268 3167 485 3232; x_wconf 81' lang='lat' dir='ltr'><strong>tenus</strong></span> <span class='ocrx_word' id='word_1_153' title='bbox 534 3179 705 3252; x_wconf 86' lang='lat' dir='ltr'><strong>opus</strong></span> <span class='ocrx_word' id='word_1_154' title='bbox 758 3157 851 3229; x_wconf 87' lang='lat' dir='ltr'><strong>sit</strong></span> <span class='ocrx_word' id='word_1_155' title='bbox 872 3203 893 3246; x_wconf 87' lang='lat'><strong>,</strong></span> <span class='ocrx_word' id='word_1_156' title='bbox 950 3153 1203 3232; x_wconf 82' lang='lat' dir='ltr'><strong>Nostra</strong></span> <span class='ocrx_word' id='word_1_157' title='bbox 1254 3168 1329 3232; x_wconf 84' lang='lat' dir='ltr'><strong>et</strong></span> <span class='ocrx_word' id='word_1_158' title='bbox 1380 3156 1852 3233; x_wconf 80' lang='lat' dir='ltr'><strong>Cancellariae</strong></span> <span class='ocrx_word' id='word_1_159' title='bbox 1927 3156 2375 3254; x_wconf 75' lang='lat' dir='ltr'><strong>Apostolicae</strong></span> 
     </span>
     <span class='ocr_line' id='line_1_23' title="bbox 264 3273 2373 3373; baseline -0.001 -23"><span class='ocrx_word' id='word_1_160' title='bbox 264 3273 537 3370; x_wconf 75' lang='lat' dir='ltr'><strong>Regula</strong></span> <span class='ocrx_word' id='word_1_161' title='bbox 572 3278 659 3350; x_wconf 88' lang='lat' dir='ltr'><strong>de</strong></span> <span class='ocrx_word' id='word_1_162' title='bbox 694 3276 847 3352; x_wconf 85' lang='lat' dir='ltr'><strong>iure</strong></span> <span class='ocrx_word' id='word_1_163' title='bbox 882 3279 1203 3373; x_wconf 86' lang='lat' dir='ltr'><strong>quaesito</strong></span> <span class='ocrx_word' id='word_1_164' title='bbox 1235 3300 1375 3351; x_wconf 89' lang='lat' dir='ltr'><strong>non</strong></span> <span class='ocrx_word' id='word_1_165' title='bbox 1416 3281 1743 3366; x_wconf 85' lang='lat' dir='ltr'><strong>tollendo,</strong></span> <span class='ocrx_word' id='word_1_166' title='bbox 1799 3277 2164 3353; x_wconf 80' lang='lat' dir='ltr'><strong>Benedicti</strong></span> <span class='ocrx_word' id='word_1_167' title='bbox 2211 3273 2373 3350; x_wconf 85' lang='lat' dir='ltr'><strong>xlv</strong></span> 
     </span>
     <span class='ocr_line' id='line_1_24' title="bbox 266 3394 2374 3494; baseline 0 -23"><span class='ocrx_word' id='word_1_168' title='bbox 266 3394 841 3474; x_wconf 83' lang='lat' dir='ltr'><strong>Praedecessoris</strong></span> <span class='ocrx_word' id='word_1_169' title='bbox 870 3395 1101 3474; x_wconf 80' lang='lat' dir='ltr'><strong>Nostri</strong></span> <span class='ocrx_word' id='word_1_170' title='bbox 1130 3421 1277 3475; x_wconf 88' lang='lat' dir='ltr'><strong>rec.</strong></span> <span class='ocrx_word' id='word_1_171' title='bbox 1300 3419 1502 3472; x_wconf 85' lang='lat' dir='ltr'><strong>mem.</strong></span> <span class='ocrx_word' id='word_1_172' title='bbox 1538 3403 1754 3494; x_wconf 82' lang='lat' dir='ltr'><strong>su&#39;per</strong></span> <span class='ocrx_word' id='word_1_173' title='bbox 1779 3400 2132 3476; x_wconf 80' lang='lat' dir='ltr'><strong>divisione</strong></span> <span class='ocrx_word' id='word_1_174' title='bbox 2161 3407 2374 3472; x_wconf 84' lang='lat' dir='ltr'><strong>mate-</strong></span> 
     </span>
     <span class='ocr_line' id='line_1_25' title="bbox 268 3513 2372 3614; baseline -0.001 -22"><span class='ocrx_word' id='word_1_175' title='bbox 268 3517 569 3604; x_wconf 72' lang='lat' dir='ltr'><strong>riarum,</strong></span> <span class='ocrx_word' id='word_1_176' title='bbox 610 3519 895 3614; x_wconf 84' lang='lat' dir='ltr'><strong>aliisque</strong></span> <span class='ocrx_word' id='word_1_177' title='bbox 932 3516 1355 3613; x_wconf 80' lang='lat' dir='ltr'><strong>Apostolicis</strong></span> <span class='ocrx_word' id='word_1_178' title='bbox 1390 3515 2024 3595; x_wconf 82' lang='lat' dir='ltr'><strong>Constitutionihus</strong></span> <span class='ocrx_word' id='word_1_179' title='bbox 2061 3533 2136 3594; x_wconf 91' lang='lat' dir='ltr'><strong>et</strong></span> <span class='ocrx_word' id='word_1_180' title='bbox 2166 3513 2372 3592; x_wconf 84' lang='lat' dir='ltr'><strong>Ordi-</strong></span> 
     </span>
     <span class='ocr_line' id='line_1_26' title="bbox 267 3639 2375 3736; baseline 0.001 -25"><span class='ocrx_word' id='word_1_181' title='bbox 267 3639 673 3712; x_wconf 83' lang='lat' dir='ltr'><strong>nationibus</strong></span> <span class='ocrx_word' id='word_1_182' title='bbox 726 3658 859 3714; x_wconf 87' lang='lat' dir='ltr'><strong>nec</strong></span> <span class='ocrx_word' id='word_1_183' title='bbox 896 3659 1033 3712; x_wconf 90' lang='lat' dir='ltr'><strong>non</strong></span> <span class='ocrx_word' id='word_1_184' title='bbox 1070 3641 1349 3732; x_wconf 75' lang='lat' dir='ltr'><strong>speciali</strong></span> <span class='ocrx_word' id='word_1_185' title='bbox 1383 3653 1609 3736; x_wconf 81' lang='lat' dir='ltr'><strong>‘atque</strong></span> <span class='ocrx_word' id='word_1_186' title='bbox 1651 3641 2020 3716; x_wconf 80' lang='lat' dir='ltr'><strong>individua</strong></span> <span class='ocrx_word' id='word_1_187' title='bbox 2075 3639 2375 3714; x_wconf 84' lang='lat' dir='ltr'><strong>mentio-</strong></span> 
     </span>
     <span class='ocr_line' id='line_1_27' title="bbox 266 3755 2368 3858; baseline -0 -24"><span class='ocrx_word' id='word_1_188' title='bbox 266 3779 356 3834; x_wconf 79' lang='lat' dir='ltr'><strong>ne</strong></span> <span class='ocrx_word' id='word_1_189' title='bbox 404 3759 633 3854; x_wconf 79' lang='lat' dir='ltr'><strong>dignis</strong></span> <span class='ocrx_word' id='word_1_190' title='bbox 688 3762 762 3833; x_wconf 86' lang='lat' dir='ltr'><strong>in</strong></span> <span class='ocrx_word' id='word_1_191' title='bbox 816 3761 1245 3834; x_wconf 80' lang='lat' dir='ltr'><strong>contrarium</strong></span> <span class='ocrx_word' id='word_1_192' title='bbox 1297 3761 1721 3838; x_wconf 84' lang='lat' dir='ltr'><strong>facientibus</strong></span> <span class='ocrx_word' id='word_1_193' title='bbox 1783 3755 2368 3858; x_wconf 71' lang='lat' dir='ltr'><strong>quibuscumque.</strong></span> 
     </span>
    </p>

    <p class='ocr_par' dir='ltr' id='par_1_2' title="bbox 270 3875 2374 4099">
     <span class='ocr_line' id='line_1_28' title="bbox 482 3875 2374 3975; baseline 0.002 -21"><span class='ocrx_word' id='word_1_194' title='bbox 482 3877 741 3954; x_wconf 81' lang='lat' dir='ltr'><strong>Datum</strong></span> <span class='ocrx_word' id='word_1_195' title='bbox 778 3875 1044 3954; x_wconf 85' lang='lat' dir='ltr'><strong>Romae</strong></span> <span class='ocrx_word' id='word_1_196' title='bbox 1098 3883 1281 3975; x_wconf 85' lang='lat' dir='ltr'><strong>apud</strong></span> <span class='ocrx_word' id='word_1_197' title='bbox 1320 3879 1655 3956; x_wconf 79' lang='lat' dir='ltr'><strong>Sanctum</strong></span> <span class='ocrx_word' id='word_1_198' title='bbox 1709 3879 2000 3958; x_wconf 87' lang='lat' dir='ltr'><strong>Petrum</strong></span> <span class='ocrx_word' id='word_1_199' title='bbox 2054 3885 2188 3958; x_wconf 86' lang='lat' dir='ltr'><strong>sub</strong></span> <span class='ocrx_word' id='word_1_200' title='bbox 2222 3879 2374 3957; x_wconf 84' lang='lat' dir='ltr'><strong>Au·</strong></span> 
     </span>
     <span class='ocr_line' id='line_1_29' title="bbox 270 3993 2085 4099; baseline -0.001 -23"><span class='ocrx_word' id='word_1_201' title='bbox 270 3999 439 4077; x_wconf 84' lang='lat' dir='ltr'><strong>nnlo</strong></span> <span class='ocrx_word' id='word_1_202' title='bbox 492 3997 905 4099; x_wconf 29' lang='lat' dir='ltr'><strong>Piscator-is·</strong></span> <span class='ocrx_word' id='word_1_203' title='bbox 932 4001 1049 4074; x_wconf 87' lang='lat' dir='ltr'><strong>die</strong></span> <span class='ocrx_word' id='word_1_204' title='bbox 1102 3999 1221 4074; x_wconf 79' lang='lat' dir='ltr'><strong>XI.</strong></span> <span class='ocrx_word' id='word_1_205' title='bbox 1280 3993 1507 4075; x_wconf 81' lang='lat' dir='ltr'><strong>Martii</strong></span> <span class='ocrx_word' id='word_1_206' title='bbox 1560 3999 2085 4077; x_wconf 85' lang='lat' dir='ltr'>MDCCCLXX.</span> 
     </span>
    </p>

    <p class='ocr_par' dir='ltr' id='par_1_3' title="bbox 374 4115 1964 4232">
     <span class='ocr_line' id='line_1_30' title="bbox 374 4115 1964 4232; baseline -0.001 -37"><span class='ocrx_word' id='word_1_207' title='bbox 374 4165 381 4174; x_wconf 91' lang='lat'>-</span> <span class='ocrx_word' id='word_1_208' title='bbox 656 4116 1109 4232; x_wconf 67' lang='lat' dir='ltr'><strong>Pontificatus</strong></span> <span class='ocrx_word' id='word_1_209' title='bbox 1161 4115 1399 4198; x_wconf 73' lang='lat' dir='ltr'><strong>Nostri</strong></span> <span class='ocrx_word' id='word_1_210' title='bbox 1454 4119 1660 4198; x_wconf 78' lang='lat' dir='ltr'><strong>Anno</strong></span> <span class='ocrx_word' id='word_1_211' title='bbox 1715 4117 1964 4197; x_wconf 76' lang='lat' dir='ltr'><strong>xxiv.</strong></span> 
     </span>
    </p>
   </div>
   <div class='ocr_carea' id='block_1_2' title="bbox 1102 4358 2366 4442">
    <p class='ocr_par' dir='ltr' id='par_1_4' title="bbox 1102 4358 2366 4442">
     <span class='ocr_line' id='line_1_31' title="bbox 1102 4358 2366 4442; baseline 0.007 -8"><span class='ocrx_word' id='word_1_212' title='bbox 1102 4358 1227 4434; x_wconf 53' lang='lat' dir='ltr'><strong>‘NJ</strong></span> <span class='ocrx_word' id='word_1_213' title='bbox 1260 4359 1467 4438; x_wconf 47' lang='lat' dir='ltr'><strong>Canos</strong></span> <span class='ocrx_word' id='word_1_214' title='bbox 1494 4359 1914 4440; x_wconf 59' lang='lat' dir='ltr'><strong>&#39;Pannoniam</strong></span> <span class='ocrx_word' id='word_1_215' title='bbox 1962 4363 2308 4442; x_wconf 60' lang='lat' dir='ltr'><strong>Cunnum.</strong></span> <span class='ocrx_word' id='word_1_216' title='bbox 2355 4387 2366 4402; x_wconf 88' lang='lat'><strong>·</strong></span> 
     </span>
    </p>
   </div>
  </div>
 </body>
</html>
