3292 5275
872 462 979 547 98

869 602 1031 673 dine
1106 601 1403 693 agenda,
1458 601 1986 676 constituendas
2058 611 2221 675 esse'
2286 598 2770 673 iudicavimus.
2827 590 2976 669 noc

870 732 1103 793 autem
1156 720 1323 793 illud
1362 732 1499 803 est,
1543 716 1690 793 VV.
1753 716 1892 791 FF.
1949 719 2138 813 quod
2191 715 2339 793 Deo
2393 731 2467 793 et
2520 716 2976 791 Immaculata

868 836 1173 933 Deipara
1224 841 1408 913 votis
1462 836 1736 913 Nostris
1774 851 2125 911 annuente
2181 840 2521 913 hodierno
2570 837 2683 910 die
2723 840 2796 908 in
2835 858 2980 909 am-

868 959 1171 1052 plissimo
1223 960 1357 1032 hoc
1408 954 1661 1031 Vestro
1723 972 2082 1035 conventu
2140 960 2568 1050 peragimus3
2623 978 2750 1030 nec
2805 955 2980 1029 satis

868 1079 1107 1153 verbis
1160 1074 1508 1172 explicare
1546 1101 1912 1172 possumus
1950 1080 2308 1169 ingentem
2345 1100 2502 1151 eam
2557 1078 2982 1150 consolatio-

866 1220 1061 1287 nem,
1094 1222 1305 1317 Qam
1360 1194 1608 1273 Vestra
1663 1200 1840 1273 haec
1895 1209 2258 1293 exoptata3
2295 1211 2370 1272 et
2405 1196 2640 1271 debita
2677 1192 2982 1291 Aposto-

866 1319 1049 1392 licae
1106 1316 1302 1394 vocis
1354 1319 1694 1412 obsequio
1749 1318 2144 1413 frequentia
2199 1313 2434 1391 Nobis·
2469 1315 2756 1407 ingerit,
2813 1336 2980 1391 cum

871 1433 1011 1512 Vos
1067 1438 1341 1511 tandem
1396 1458 1489 1511 ex
1541 1440 1872 1513 omnibus
1925 1440 2251 1512 catholici
2308 1438 2500 1511 orbis
2549 1437 2870 1530 partibus
2905 1438 2982 1509 in

868 1559 1049 1632 hano
1102 1559 1351 1631 almam
1404 1553 1688 1643 Urbem,
1743 1559 1984 1632 indicti
2039 1582 2080 1633 a
2135 1554 2350 1632 Nobis
2405 1554 2702 1631 Concilii
2739 1578 2980 1641 causa,

870 1680 1313 1766 convenisse,
1350 1688 1425 1751 et
1458 1700 1727 1753 summa
1781 1680 2174 1752 animorum
2211 1680 2680 1752 consensione
2732 1673 2984 1751 Nobis-

870 1818 1023 1869 cum
1076 1797 1483 1871 coniunctos
1538 1797 1989 1891 aspiciamuS,
2027 1820 2202 1893 quos
2239 1798 2487 1873 eximia
2525 1819 2688 1893 erga
2725 1794 2868 1871 Nos
2905 1810 2981 1870 et

870 1912 1345 2011 Apostolicam
1400 1914 1647 1991 Sedent
1699 1918 2014 2006 devotio,
2071 1920 2410 1992 mirificus
2448 1918 2534 1991 ad
2579 1918 2981 1992 navandam

870 2032 1135 2111 Christi
1189 2035 1431 2134 Regno
1486 2060 1774 2132 operam
1831 2040 2058 2128 ardor,
2111 2052 2184 2113 et
2239 2042 2314 2113 in
2370 2038 2686 2132 pluribus
2737 2040 2981 2125 etiam,

872 2158 1404 2232 tribulationum
1458 2181 1586 2252 pro
1622 2154 1907 2234 Christo
1947 2162 2298 2256 perpessio
2337 2162 2489 2233 iure
2526 2157 2741 2231 efficit
2786 2158 2983 2231 cordi

872 2274 1129 2351 Nostro
1165 2278 1579 2354 carissimos.
1617 2276 1807 2355 Haec
1861 2293 2098 2355 autem
2143 2275 2294 2353 VV.
2337 2277 2476 2353 FF.
2522 2281 2694 2353 haec
2730 2274 2988 2353 Vestra

872 2392 1249 2473 Nobiscum
1302 2398 1697 2475 coniunctio
1749 2422 1836 2475 eo
1889 2404 2152 2495 gratior
2205 2396 2420 2475 Nobis
2473 2398 2752 2485 accidit,
2787 2400 2986 2494 quod

871 2518 944 2591 in
978 2541 1065 2593 ea
1102 2518 1469 2595 haerentes
1522 2517 2027 2614 Apostolorum
2061 2520 2376 2613 vestigiis
2413 2522 2828 2605 insistimu8‚
2857 2522 2986 2616 qui

872 2662 1042 2715 suae
1074 2642 1449 2716 unanimae
1475 2654 1551 2714 et
1573 2643 1962 2717 constantis
1990 2665 2148 2718 cum
2175 2643 2416 2716 divino
2445 2639 2779 2738 Magistro
2813 2665 2988 2716 eon·

873 2763 1261 2839 iunctionis
1314 2763 1669 2838 luculenta
1703 2758 1916 2836 Nobis
1960 2767 2284 2857 exempla
2337 2765 2800 2856 reliquerunt.
2839 2759 2988 2838 No-

874 2881 1003 2954 stis
1054 2884 1249 2956 enim
1300 2903 1391 2956 ex
1446 2885 1668 2956 sacris
1723 2885 2008 2968 litteris,
2049 2904 2212 2956 eum
2265 2881 2588 2958 Christus
2633 2878 2986 2960 Dominus

876 2997 1321 3076 Palaestinae
1377 3005 1702 3094 regiones
1755 3025 2130 3096 peragrans
2181 3004 2315 3076 iter
2351 3006 2616 3079 faceret
2651 3025 2777 3097 per
2813 3006 2990 3078 civi·

878 3133 1057 3196 tates
1107 3135 1180 3196 et
1232 3124 1547 3209 castella,
1588 3125 1998 3217 praedicans
2037 3134 2110 3198 et
2145 3125 2642 3218 evangelizans
2690 3145 2986 3214 regnum

876 3239 1036 3328 Dei,
1092 3237 1265 3316 Eius
1316 3242 1518 3316 lateri
1573 3240 1946 3337 Apostolos
1981 3245 2132 3338 pari
2170 3265 2413 3320 omnes
2447 3245 2682 3321 studio
2725 3247 2990 3322 adhae-

877 3361 1075 3445 sisse,
1130 3374 1203 3436 et
1255 3363 1623 3438 duodecim
1680 3385 1844 3440 cum
1900 3361 2052 3451 lllo,
2105 3367 2208 3440 uti
2263 3361 2558 3440 Sanctus
2610 3363 2838 3442 Lucas
2877 3361 2988 3467 (l)

874 3479 1213 3578 loquitur,
1252 3483 1554 3558 fideliter
1608 3507 2046 3580 quacumque
2101 3487 2235 3561 iter
2271 3487 2588 3574 haberet,
2625 3510 2780 3564 esse
2827 3509 2988 3564 ver·-

876 3612 1089 3676 satos.
1146 3601 1381 3699 Atque
1435 3607 1611 3678 haec
1663 3604 2157 3699 Apostolorum
2211 3609 2616 3682 coniunctio
2669 3609 2990 3703 splendi-

879 3723 1039 3797 dius
1088 3724 1302 3796 etiam
1354 3725 1609 3798 enituit
1663 3747 1748 3800 eo
1803 3739 2144 3818 tempore,
2199 3751 2356 3802 cum
2407 3728 2732 3802 caelestis
2766 3725 2992 3826 Magi-

878 3853 1022 3918 ster
1074 3847 1330 3918 docens
1385 3847 1460 3918 in
1513 3843 2004 3939 capharnaum
2039 3849 2126 3922 de
2162 3849 2446 3922 divinae
2501 3843 2990 3926 Eucharistiae

880 3967 1219 4058 mysterio
1270 3987 1509 4041 coram
1562 3961 1902 4042 Hebraeis
1955 3967 2202 4044 fusiori
2239 3979 2558 4042 set-mone
2595 3984 2992 4062 pertracta-

886 4085 1017 4164 vit:
1074 4097 1245 4161 tunc
1298 4088 1487 4162 enim
1541 4108 1702 4164 cum
1757 4109 1930 4182 gens
1985 4089 2102 4164 illa
2157 4090 2460 4164 carnalis
2497 4101 2572 4164 et
2603 4089 2988 4168 obtusioris

1040 4342 1121 4436 (1)
1162 4345 1320 4416 Luc.
1362 4345 1429 4432 8,
1466 4341 1529 4418 1.
