3292 5275
2291 498 2446 580 283

328 652 467 723 est,
522 640 973 734 eiusdemque
1013 640 1491 713 interventum
1531 641 1605 709 in
1667 638 1874 712 rebus
1931 640 2152 712 anxiis
2191 640 2448 734 implo-

328 760 537 833 ravit.
575 756 841 833 Verum
895 782 1061 835 cum
1116 758 1539 832 tristissimis
1594 760 1788 832 hisce
1843 758 2270 851 temporibus
2309 750 2448 833 Ec-

326 880 545 954 clesia
582 883 731 976 ipsa
786 882 872 951 ab
924 881 1244 955 hostibus
1290 882 1613 974 undique
1671 879 2018 954 insectata
2071 882 2245 953 adeo
2299 903 2452 973 gra-

324 1000 641 1075 vioribus
696 1002 1133 1095 opprimatur
1168 1001 1722 1087 calamitatibu8‚
1759 1012 1842 1075 ut
1893 1000 2082 1093 impii
2131 1001 2448 1075 homines

322 1133 565 1216 portas
594 1120 799 1195 inferi
830 1122 1173 1195 adversus
1202 1142 1357 1194 eam
1388 1122 1677 1194 tandem
1707 1121 2108 1215 praevalere
2137 1133 2450 1196 autuma-

324 1253 511 1327 rent,
542 1243 695 1317 ideo
724 1238 1179 1315 venerabiles
1208 1241 1523 1315 universi
1561 1238 1776 1317 Orbis
1815 1238 2164 1315 Catholici
2203 1264 2447 1316 sacro-

324 1386 487 1437 rum
524 1361 905 1437 Antistites
962 1384 1121 1461 suas
1178 1384 1258 1435 ac
1296 1358 1882 1435 Christifidelium
1935 1383 2180 1435 eorum
2231 1384 2446 1437 curae

322 1486 892 1560 concreditorum
928 1506 1171 1577 preces
1207 1479 1499 1557 Summo
1553 1479 1884 1557 Pontifici
1951 1495 2444 1577 porrexerunt,

321 1604 581 1701 quibus
618 1605 951 1700 petebant
988 1616 1070 1679 ut
1097 1601 1431 1678 Sanctum
1460 1601 1838 1698 losephum
1871 1598 2270 1678 Catholicae
2304 1599 2448 1677 Ec-

320 1729 581 1800 clesiae
621 1722 1004 1799 Patronum
1042 1726 1463 1799 constituere
1500 1725 1928 1816 dignaretur.
1971 1718 2242 1799 Deinde
2281 1746 2446 1800 cum

322 1850 397 1920 in
445 1843 661 1921 Sacra
714 1843 1183 1922 oecumenica
1238 1842 1527 1939 Synodo
1578 1838 1922 1919 Vaticana
1981 1845 2264 1919 easdem
2317 1866 2446 1939 po-

324 1968 743 2042 stulationes
781 1979 855 2041 et
893 1979 1059 2042 vota
1096 1968 1375 2041 enixius
1414 1978 1901 2052 renovassent,
1942 1963 2441 2040 sanctissimus

320 2084 660 2161 Dominus
726 2082 979 2161 Noster
1053 2082 1261 2159 PIUS
1338 2084 1532 2181 Papa
1588 2083 1686 2159 lx
1743 2088 2141 2180 nuperrima
2199 2109 2281 2159 ac
2334 2090 2444 2159 lu-

320 2220 570 2283 ctuosa
630 2230 861 2283 rerum
918 2207 1319 2281 conditione
1374 2220 1793 2291 commotuS,
1833 2218 1916 2281 ut
1953 2208 2442 2301 potentissimo

320 2324 564 2403 Sancti
618 2326 1073 2403 Patriarchae
1127 2328 1408 2423 Iosephi
1464 2327 1856 2422 patrocinio
1891 2324 1982 2400 Se
2036 2350 2114 2398 ae
2158 2324 2438 2402 Fideles

320 2472 565 2523 omnes
612 2452 1111 2533 committeret,
1150 2446 1528 2522 Sacrorum
1559 2445 1976 2521 Antistitum
2013 2451 2202 2521 votis
2233 2452 2445 2522 satis-

320 2574 552 2644 facere
608 2571 865 2656 voluit,
904 2592 1209 2664 eumque
1264 2564 1859 2643 CATHOLICAE
1917 2564 2436 2644 ECCLESIAE

316 2687 831 2764 PATRONUM
871 2691 1277 2794 solemniter
1326 2689 1710 2764 declaravit
1733 2713 1758 2777 3
1796 2673 2127 2784 illiusque
2182 2691 2440 2765 testum

317 2803 945 2885 die'decimanona
1002 2807 1235 2883 Martii
1296 2831 1704 2895 occurrenS‚
1764 2811 1837 2881 in
1893 2823 2248 2905 posterum
2305 2813 2440 2885 sub

318 2935 461 3007 ritu
520 2933 783 3026 duplici
824 2933 1091 3026 primae
1146 2931 1411 3017 classiS‚
1456 2942 1760 3005 attamen
1817 2935 1974 3004 sine
2027 2946 2278 3006 octava
2315 2957 2439 3006 ra·-

317 3055 509 3127 tione
562 3049 1182 3146 Quadragesimae,
1240 3052 1577 3126 celebrari
1618 3053 2001 3125 mandavit.
2063 3049 2437 3147 Disposuit

317 3175 605 3266 insuper
642 3188 719 3247 ut
772 3177 901 3248 hac
956 3174 1067 3246 die
1118 3168 1459 3266 Deiparae
1497 3169 1765 3263 Virgini
1823 3169 2313 3248 immaculatae
2353 3197 2436 3247 ac

315 3296 685 3370 castissimi
724 3291 994 3388 Iosephi
1023 3291 1339 3387 Sponsae
1382 3314 1577 3364 sacra
1618 3291 2017 3366 huiusmodi
2051 3294 2433 3368 declaratio

317 3435 443 3507 per
499 3437 833 3509 praesens
872 3411 1251 3487 Sacrorum
1308 3408 1603 3485 Rituum
1659 3409 2242 3504 Congregationis
2297 3409 2436 3486 De·-

313 3547 591 3610 cretum
646 3536 906 3629 publici
964 3536 1141 3606 iuris
1196 3531 1418 3605 fieret.
1478 3528 1874 3606 Contrariis
1939 3555 2080 3606 non
2145 3535 2437 3606 obstan-

314 3657 505 3729 tibus
560 3657 1147 3750 quibuscumque.

526 3772 657 3850 Die
714 3771 903 3847 vul.
962 3770 1360 3848 Decembris
1416 3773 1583 3846 anni
1639 3768 2164 3848 MDCCCLXX.

236 4077 241 4082 .
312 4015 391 4090 C.
416 4011 639 4090 Errsc.
660 4011 938 4090 Osrmr«.
964 4039 1045 4090 ar
1066 4011 1305 4090 Vetnr.
1331 4014 1548 4091 Cano.
1577 4011 2428 4092 Pm1z1s.R.c.Pnisr.

316 4251 497 4330 Loco
525 4255 623 4353 Β
645 4251 842 4352 Signi

844 4395 855 4406 ·
1051 4373 1141 4450 D.
1172 4371 1535 4453 Bartolini
1589 4372 1666 4452 S.
1701 4373 1788 4452 R.
1825 4373 1902 4452 C.
1937 4373 2378 4454 Secretarius
