3292 5275
888 449 1042 530 102

888 616 925 663 »
989 603 1064 663 et
1115 591 1452 664 habemus
1518 589 1884 664 scientiam
1937 585 2460 685 Scripturarum
2529 591 2836 664 iunctam
2897 613 3022 666 sa-

888 735 925 782 »
989 712 1299 806 pientiae
1356 713 1726 788 saeculari.
1792 735 1826 782 n

988 823 1065 904 7.
1123 828 1216 905 Ut
1280 843 1512 907 autem
1588 854 1666 904 se
1742 834 2041 926 probent
2119 832 2506 907 catholicos
2537 883 2560 919 ,
2617 843 3028 926 provocant

880 934 1459 1026 Neoschismatici
1526 953 1613 1026 ad
1679 955 2083 1046 quamdam,
2151 967 2230 1026 ut
2279 955 2510 1038 aiunt,
2567 952 2730 1028 fidei
2786 954 3024 1026 decla·-

880 1075 1225 1148 rationem
1282 1077 1371 1148 ab
1424 1076 1529 1148 eis
1588 1075 1856 1147 editam
1909 1075 2026 1148 die
2065 1065 2114 1147 6
2149 1070 2512 1148 Februarii
2553 1095 2720 1146 ann.
2771 1064 3016 1160 1870,

880 1215 1085 1288 quam
1122 1217 1163 1268 a
1208 1195 1555 1270 catholica
1606 1195 1742 1268 fide
1791 1195 2190 1270 nullatenus
2227 1193 2593 1269 dissentire
2648 1196 3014 1270 dictitant.

878 1309 1139 1390 Verum
1192 1318 1461 1390 nemini
1517 1335 1844 1411 umquam
1897 1317 2094 1390 licuit
2147 1316 2568 1390 catholicum
2623 1337 2702 1390 se
2759 1317 3020 1408 proba-

881 1458 960 1511 re
986 1487 1009 1524 ,
1068 1439 1505 1512 concinnatis
1562 1461 1689 1533 pro
1743 1438 2038 1510 arbitrio
2095 1457 2226 1510 suo
2283 1434 2446 1510 fidei
2501 1438 2824 1512 formulis
2859 1485 2882 1521 ,
2939 1437 3020 1508 in

880 1560 1138 1654 quibus
1192 1582 1279 1634 ea
1335 1559 1617 1634 reticeri
1675 1560 1928 1644 solent,
1965 1580 2142 1652 quae
2179 1555 2496 1650 profiteri
2549 1578 2694 1631 non
2745 1559 3018 1650 placet3

882 1683 1005 1754 sed
1060 1681 1197 1754 illis
1254 1682 1541 1754 omnino
1594 1680 2178 1754 subscribendum
2229 1692 2336 1754 est
2385 1701 2569 1773 quac
2623 1679 2710 1750 ab
2765 1675 3022 1752 Eccle-

880 1800 989 1874 sia
1042 1810 1561 1895 proponuntur,
1608 1801 1710 1874 uti
1767 1801 2080 1874 omnium
2138 1812 2534 1895 temporum
2587 1799 3020 1874 ecclesiasti-

878 1945 961 1996 ca
1016 1921 1311 1998 historia
1366 1931 1696 1996 testatur.

992 2034 1065 2118 8.
1124 2039 1501 2117 Subdolam
1558 2053 1794 2116 autem
1831 2053 1906 2116 et
1951 2043 2332 2136 captiosam
2383 2043 2600 2116 fuisse
2643 2040 2806 2116 fidei
2864 2044 3019 2116 for-

880 2165 1135 2236 mulam
1172 2165 1257 2238 ab
1296 2167 1401 2236 eis
1440 2165 1706 2236 editam
1755 2185 1842 2234 ex
1891 2184 1976 2236 eo
2025 2162 2230 2236 etiam
2287 2162 2772 2248 confirmatur,
2825 2164 3022 2256 quod

880 2282 1257 2358 reiecerint
1310 2284 1860 2358 declarationem
1917 2305 2042 2356 seu
2099 2283 2600 2375 professionem
2661 2281 2826 2354 fidei
2883 2303 3022 2354 au-

880 2403 1207 2478 ctoritate
1260 2402 1513 2480 Nostra
1598 2407 1684 2478 de
1741 2426 1934 2478 more
1991 2404 2464 2497 propositam3
2517 2403 2636 2479 cui
2693 2403 3020 2476 subscri-

878 2524 1047 2601 bere
1098 2547 1223 2600 eos
1284 2525 1587 2598 iusserat
1636 2519 1820 2598 Ven.
1877 2521 1996 2598 Fr.
2059 2521 2415 2599 Antonius
2471 2521 2812 2618 Iosephus
2869 2519 3018 2594 Ar-

878 2648 1371 2742 chiepiscopus
1408 2644 1865 2741 ThyanaeuS,
1903 2642 2348 2737 Apostolieus
2401 2643 3016 2739 Constantinopoli

880 2762 1289 2862 Delegatus,
1328 2768 1724 2842 monitoriis
1761 2768 2012 2841 litteris
2069 2769 2158 2844 ad
2206 2790 2328 2844 eos
2365 2768 2554 2841 datis
2590 2768 2702 2839 die
2739 2759 2848 2841 29
2885 2764 3022 2841 Se-

882 2888 1217 2981 ptembris
1272 2890 1514 2963 eodem
1570 2908 1780 2964 anno.
1839 2884 2176 2963 Alienum
2227 2890 2488 2983 quippe
2550 2902 2701 2976 est,
2763 2901 2914 2963 tam
2967 2914 3016 2963 a

882 3010 1131 3083 divina
1184 3006 1549 3084 Ecclesiae
1600 3011 2044 3084 ordinatione
2075 3056 2096 3095 ,
2153 3032 2366 3104 quam
2439 3033 2484 3084 a
2539 3024 2888 3104 perpetua
2941 3026 3020 3085 et

878 3132 1235 3205 constanti
1291 3133 1448 3205 eius
1504 3131 1884 3203 traditione
1908 3180 1929 3216 ,
1985 3150 2192 3224 posse
2243 3153 2667 3226 quemquam
2721 3133 3020 3208 catholi-

882 3274 1039 3326 cam
1094 3252 1301 3325 fidem
1356 3274 1563 3329 snam
1627 3254 1926 3347 probare
1983 3274 2200 3347 seque
2254 3254 2678 3329 catholicum
2731 3258 3018 3329 veraci·-

880 3384 991 3447 ter
1044 3396 1382 3461 asserere,
1438 3377 1577 3449 nisi
1618 3368 2068 3468 Apostolicae
2123 3376 2334 3449 huius
2375 3372 2538 3451 Sedi
2591 3378 3012 3449 satisfaciat.

882 3490 992 3567 Ad
1050 3494 1231 3567 hanc
1284 3496 1475 3569 enim
1514 3487 1619 3594 (1)
1661 3508 1949 3590 propter
2003 3496 2474 3589 potentiorem
2530 3497 3020 3591 principalita-

884 3626 1055 3701 tem,
1114 3636 1395 3691 omnem
1448 3613 1836 3691 Ecclesiam
1865 3666 1888 3703 ,
1945 3619 2080 3691 hoc
2134 3626 2244 3689 est
2299 3638 2420 3690 eos
2475 3619 2600 3713 qui
2653 3630 2824 3691 sunt
2879 3640 3018 3692 un-

878 3738 1087 3832 dique
1142 3738 1383 3811 fideles
1454 3750 1732 3832 oportet
1785 3741 2220 3814 convenire:
2279 3749 2353 3812 et
2423 3739 2546 3835 qni
2601 3733 2706 3841 (2)
2763 3742 3018 3814 cathe-

882 3858 1077 3931 dram
1116 3854 1337 3949 Petri,
1376 3864 1615 3953 super‘
1644 3878 1858 3957 quem
1909 3861 2202 3934 fundata
2255 3871 2366 3933 est
2419 3857 2764 3949 Ecclesia,
2803 3862 3020 3935 dese-

884 3977 1003 4068 rit,
1056 3983 1343 4057 nonnisi
1396 3982 1840 4057 mendaciter
1873 4006 1950 4057 se
1987 3983 2062 4055 in
2097 3978 2424 4056 Ecclesia
2479 4004 2637 4056 esse
2691 3982 3016 4073 confidit3

1040 4268 1122 4353 (1)
1166 4266 1231 4336 S.
1276 4266 1604 4338 Irenaeus.
1649 4268 1792 4337 Lib.
1835 4268 1898 4339 3.
1944 4278 2150 4337 contr.
2197 4272 2450 4338 haeres.
2495 4290 2637 4357 cap.
2680 4268 2744 4341 3.

1042 4364 1125 4451 (2)
1169 4364 1582 4455 8..(ἶ]ρι·ἰαιι.
1628 4366 1898 4433 Lib.'de
1943 4364 2202 4436 Unitate
2242 4388 2309 4433 n.
2353 4366 2414 4437 4.
