3292 5275
922 493 1076 574 402

998 624 1349 689 modolibet
1390 625 1718 687 adiutores
1767 624 1830 686 in
1895 625 2204 687 maiorem
2267 624 2888 688 excommunicatio-

998 742 1145 788 nem
1184 720 1550 787 incurrisse.
1592 717 1750 795 Quo
1806 724 2096 798 spectent
2147 716 2480 782 Ecclesiae
2539 719 2886 782 insectato-

996 831 1143 878 rum
1185 819 1455 877 conatus
1494 808 1799 875 brevibus
1839 806 2174 888 significat.
2215 804 2478 872 Gaudet
2499 808 2580 871 de
2609 805 2886 888 Episco-

996 924 1236 991 porum-
1270 905 1555 967 omnium
1596 918 1746 963 cu·
1785 898 2025 969 Sancta
2069 898 2232 964 Sede
2275 902 2728 967 coniunctione
2767 920 2890 965 eo-

999 1018 1273 1081 rumque
1317 997 1670 1060 constantia
1713 996 1779 1057 in
1821 996 2017 1058 sacris
2063 994 2313 1059 tuendis
2349 992 2680 1059 Ecclesiae
2720 998 2886 1061 iuri-

996 1098 1144 1161 bus.
1188 1092 1431 1157 orandi
1470 1090 1816 1156 necessitas
1841 1132 1860 1168 ‚
1903 1096 1976 1152 ut
2017 1096 2240 1191 optata
2281 1090 2664 1153 clementiae
2725 1098 2888 1155 tem-

998 1206 1159 1272 pora
1202 1192 1633 1250 maturantur.
1737 1231 1749 1244 .
1919 1226 1936 1243 .
2105 1226 2120 1242 .
2291 1226 2307 1243 .
2475 1228 2490 1244 .
2659 1228 2676 1245 .
2847 1206 2888 1245 n
2931 1182 3070 1253 230

900 1372 1225 1459 Epistola
1284 1374 1364 1437 ad
1428 1372 1806 1436 Anselmum
1870 1368 2262 1453 Episcopum
2317 1369 2883 1453 corisopitensem.

998 1484 1077 1517 -'-
1120 1467 1353 1543 Sicuti,
1410 1464 1790 1531 Venerabilis
1834 1463 2067 1529 Frater
2107 1500 2188 1511 —
2225 1465 2328 1527 die
2375 1462 2460 1529 28
2501 1463 2670 1529 Iulii.
2719 1464 2892 1531 Gra-

1003 1567 1254 1633 tulatur
1294 1562 1373 1624 de
1412 1561 1706 1625 instituta
1737 1557 2056 1623 Societatc
2101 1558 2426 1623 catholica
2455 1556 2887 1642 Corisopitae,

1004 1662 1325 1742 Episcopo
1368 1655 1767 1729 moderante,
1809 1670 2092 1733 eumque
2131 1653 2467 1729 hortatur,
2511 1661 2588 1716 ut
2627 1662 2892 1719 moneat

1004 1752 1343 1823 Societatis
1374 1749 1641 1813 Sodales
1687 1748 1860 1811 velle
1888 1764 1956 1809 se
1986 1748 2308 1809 abstinere
2333 1747 2418 1808 ab
2445 1748 2880 1827 opinionibus,

1005 1866 1165 1932 quas
1206 1844 1429 1908 dicunt
1470 1841 1799 1917 liberalem,
1843 1840 2119 1920 illasque
2162 1839 2496 1903 refellere.
2666 1884 2683 1901 .
2855 1863 2892 1900 s
2931 1838 3068 1909 234

926 2034 1213 2104 Litterae
1279 2030 1694 2114 Apostolicae
1754 2030 1820 2091 in
1880 2026 2086 2090 forma
2149 2024 2374 2090 Brevis
2431 2058 2518 2075 -
2565 2026 2894 2093 Universa}

1001 2125 1504 2210 christifidelibus
1562 2156 1645 2169 —-
1707 2123 1811 2187 die
1851 2118 1933 2187 19
1971 2122 2253 2201 augusti.
2321 2118 2482 2185 Cum
2537 2124 2894 2187 nonnullae
2943 2170 2956 2179 .

1001 2242 1227 2292 sacrae
1258 2218 1805 2304 peregrinationes
1835 2216 1915 2277 ad
1944 2214 2302 2277 celebrium
2334 2211 2562 2279 ltaliae
2589 2223 2896 2280 sanctua-

1006 2323 1105 2386 ria
1151 2318 1235 2381 ab
1274 2318 1569 2377 invasere
1613 2307 1950 2375 Gubernio
1991 2309 2366 2371 interdictae
2407 2309 2644 2373 tuerint
2669 2356 2687 2389 ,
2731 2330 2896 2376 non·

1003 2412 1175 2477 nulli
1218 2408 1439 2470 fideles
1481 2419 1516 2467 e
1560 2404 1822 2466 civitate
1864 2401 2250 2465 Bononiensi
2311 2403 2374 2464 in
2417 2420 2559 2465 eam
2613 2415 2894 2471 mentem

1006 2508 1373 2578 venerunt,
1418 2508 1491 2561 nt
1530 2497 1896 2560 catholicos·
1949 2496 2286 2559 universos
2347 2497 2424 2557 ad
2485 2498 2892 2579 spiritualem

904 2626 915 2642 ·
1004 2596 1595 2685 peregrinationem
1637 2592 2006 2656 invitarent.
2075 2587 2204 2652 Pro
2243 2590 2567 2671 spirituali
2617 2592 2742 2656 hac
2779 2615 2896 2678 pe-

1004 2692 1432 2777 regrinatione
1477 2686 1637 2750 ordo
1681 2685 2012 2760 statuitur,
2056 2689 2121 2745 et
2162 2683 2490 2764 plenariae
2533 2704 2608 2748 ac
2647 2691 2892 2769 partia-

1002 2791 1101 2854 les
1142 2782 1585 2864 indulgentiae
1626 2777 1944 2841 defunctis
1983 2791 2248 2856 quoque
2309 2777 2730 2856 applicabiles
2771 2783 2892 2846 im-

1004 2881 1339 2967 pertiuntu
1350 2896 1421 2956 r‚·
1448 2873 1740 2955 impletis
1777 2869 2250 2935 conditionibus
2291 2873 2730 2953 praescriptis.
2857 2900 2894 2938 »
2929 2877 3050 2945 236

924 3071 1217 3140 Litterae
1254 3063 1676 3151 ·Apostolicae
1719 3059 1838 3124 sub
1881 3059 2148 3140 plumbo
2182 3089 2268 3104 -—-
2309 3053 2632 3127 Romanus
2661 3061 2892 3130 Ponti-

1002 3171 1105 3251 fex
1144 3201 1224 3214 -
1275 3162 1332 3227 V
1374 3159 1531 3224 Kal.
1576 3155 1921 3236 septembr.
1965 3171 2242 3233 quarum
2288 3153 2348 3216 vi
2403 3154 2678 3221 edicitur
2717 3157 2888 3224 Con-

1004 3259 1257 3328 stitutie
1298 3261 1501 3336 super·
1539 3247 2024 3331 capitularibus
2065 3263 2184 3308 nec
2223 3263 2350 3309 non
2398 3251 2621 3316 electis
2665 3261 2734 3317 et
2771 3272 2892 3318 no·

1010 3355 1264 3420 minatis
1308 3351 1387 3414 ad
1430 3345 1627 3411 Sedes
1673 3340 2096 3424 Episcopales
2136 3349 2437 3406 vacantes
2483 3389 2500 3405 .
2666 3392 2682 3407 .
2855 3369 2892 3409 n
2927 3345 3048 3416 239

896 3547 1209 3617 ‘Litterae
1255 3536 1672 3624 Apostolicae
1717 3531 1778 3593 in
1822 3529 2026 3594 forma
2055 3528 2281 3594 Brevis
2305 3565 2388 3578 -
2426 3530 2604 3609 Qum
2641 3533 2714 3600 f„
2755 3557 2886 3603 rm

1004 3637 1374 3708 catholicam
1400 3665 1480 3678 -
1507 3629 1607 3691 die
1649 3621 1690 3689 3
1731 3625 2033 3688 octobris.
2079 3622 2379 3689 Urbanus
2411 3625 2560 3689 VIII
2587 3631 2721 3694 suis
2750 3629 2886 3698 Lit-

1004 3737 1159 3800 teris
1200 3733 1265 3794 in
1308 3727 1515 3790 forma
1562 3719 1786 3782 Brevis
1837 3718 1940 3780 die
1979 3713 2060 3780 27
2099 3719 2454 3782 decembris
2515 3725 2664 3785 anni
2727 3721 2888 3791 ‘1542

1005 3821 1537 3892 consuetudinem
1580 3812 1964 3893 approbavit
2004 3829 2040 3872 a
2085 3818 2372 3893 tempore
2423 3819 2884 3894 persecutionis

1004 3923 1370 3993 invectam,
1449 3927 1579 3989 qua
1636 3904 2158 3970 Coenobiarchae
2214 3906 2416 3986 vulgo
2469 3906 2886 3992 (Guardiam)

1004 4013 1309 4081 titulat-es
1351 4001 1690 4071 strictioris
1731 3997 2194 4064 observantiae
2236 3997 2301 4062 S.
2345 3999 2395 4061 F
2399 4003 2668 4065 rancisci
2717 4004 2882 4068 Con-

1004 4114 1329 4173 ventuum
1352 4104 1414 4162 in
1437 4093 1778 4160 Provincia
1807 4089 2187 4156 Hibernensi
2229 4111 2720 4175 suppresseram
2763 4100 2882 4161 eli-

1005 4208 1248 4284 guntur
1275 4213 1423 4260 cum
1470 4191 1615 4254 iure
1661 4187 2084 4250 concurrendi
2127 4187 2206 4249 ad
2247 4188 2593 4251 electiones
2621 4187 2882 4271 Capitu-

1005 4298 1199 4359 lares.
1250 4291 1338 4356 At
1364 4291 1611 4350 mutata
1655 4289 2018 4361 temporum
2060 4282 2124 4342 in
2152 4281 2270 4343 illa
2301 4279 2636 4344 Provincia
2667 4285 2882 4346 condi-

1008 4390 1183 4456 tione
1213 4429 1233 4464 ,
1278 4386 1531 4450 vetusta
1573 4372 1974 4443 consuetudo
2034 4375 2336 4439 aboletur
2358 4417 2378 4455 ‚
2421 4383 2486 4439 et
2535 4374 2878 4458 supradicti
