3292 5275
842 461 948 546 90

840 607 1281 693 abolendum,
1340 607 1400 679 si
1450 606 1601 680 fieri
1644 617 1912 699 posset,
1969 606 2412 699 spiritualem
2464 605 2977 699 principatum,

840 749 979 821 quo
1022 728 1295 818 fulgent
1356 722 1554 800 Petri
1612 705 2104 812 Successor-ec,
2161 721 2671 819 delendamque
2724 728 2982 799 catho-

839 847 1053 919 licam
1092 841 1513 932 Ecclesiam,
1559 849 1934 943 ipsumque
1973 845 2240 924 Christi
2285 867 2539 920 nomen
2575 844 2648 918 in
2685 847 2804 918 illa
2859 848 2986 922 vi-

840 967 1076 1041 ventis
1156 979 1229 1038 et
1295 967 1678 1059 regnantis.
1757 965 2160 1043 Clarissime
2223 969 2508 1064 quidem
2571 967 2646 1040 id
2709 969 2978 1060 passim

840 1097 1198 1162 ostensum
1257 1097 1373 1159 est
1410 1089 1505 1160 ab
1554 1087 1856 1162 infensis
1899 1087 2271 1184 subalpini
2331 1085 2677 1162 Gubemii
2733 1085 2940 1180 gestis
2947 1109 2982 1178 3

842 1208 967 1282 sed
1020 1209 1099 1281 in
1154 1207 1402 1302 primis
1468 1209 1557 1281 ab
1614 1209 1872 1304 iniqius
1927 1212 2074 1284 illis
2138 1211 2410 1304 legibus
2441 1208 2780 1303 ‚·‘quibus
2855 1209 2984 1280 vel

840 1323 1097 1402 Clerici
1152 1329 1235 1400 ab
1290 1330 1633 1406 altaribus
1689 1330 1956 1406 divulsi
1995 1352 2263 1426 suaque
2320 1329 2584 1424 privati
2637 1329 2984 1404 immuni-

846 1460 985 1521 tate
1040 1449 1128 1522 ad
1182 1449 1503 1525 militiam
1560 1453 1800 1524 vocati
1855 1451 2017 1528 sunt
2039 1501 2060 1539 ,
2114 1455 2234 1527 vel
2289 1447 2626 1545 Episcopi
2687 1451 2982 1544 proprio

733 1643 735 1646 ,
842 1570 1163 1645 destituti
1192 1569 1479 1646 fuerunt
1506 1573 1900 1646 iuventutis
1929 1571 2403 1647 instituendae
2439 1591 2758 1657 munere,
2789 1570 2980 1644 suis-

844 1711 979 1785 que
1016 1692 1273 1790 alicubi
1336 1693 1730 1766 seminariis
1787 1695 2047 1768 orbatiz
2105 1705 2345 1768 tamen
2402 1691 2693 1764 lucidior
2749 1691 2985 1766 adhuc

846 1813 1161 1887 eiusdem
1216 1815 1492 1887 consilii
1541 1816 2044 1888 demonstratio
2079 1837 2274 1889 nunc
2325 1808 2542 1886 Nobis
2579 1813 2980 1887 exhibetur.

844 1927 941 2004 Et
978 1954 1180 2006 sane:
1240 1936 1315 2006 in
1361 1935 1490 2008 hac
1539 1936 1698 2028 ipsa
1751 1938 1938 2018 urbe¹
1983 1935 2373 2018 exturbatis
2411 1934 2502 2006 ob
2557 1934 2800 2008 oeulos
2837 1927 2990 2007 No-

846 2064 1067 2140 stroS‚
1138 2066 1259 2128 aut
1312 2057 1535 2128 etiam
1587 2059 1938 2131 violenter
1993 2057 2302 2151 depulsis
2355 2078 2396 2126 e
2451 2056 2736 2148 propria
2813 2055 2984 2128 sede

846 2175 1322 2269 compluribus
1378 2169 1750 2269 Religiosis
1813 2176 2148 2266 Familiis,
2205 2175 2548 2270 bonisque
2611 2171 2986 2250 Ecclesiae

848 2295 1267 2387 gravissimo
1319 2297 1658 2371 subiectis
1699 2300 1990 2386 tributo,
2028 2299 2371 2391 nutuique
2407 2298 2830 2390 mancipatis
2881 2297 2991 2368 ci·-

847 2414 1457 2510 vilispooeuatm
1490 2414 1627 2490 iam
1660 2411 2196 2505 &nunecoetuu
2251 2429 2340 2493 ut
2393 2411 2620 2499 aiunt,
2667 2413 2991 2508 Legisla-

848 2535 1003 2612 tivo
1057 2535 1417 2630 propmita
1452 2535 1603 2611 'fuit
1645 2542 1775 2613 lex
1814 2541 1915 2612 illl
1970 2554 2114 2612 non
2151 2527 2522 2624 absimilis,
2569 2553 2782 2633 quae,
2841 2555 2991 2610 non

849 2659 1299 2749 obstantibus
1354 2656 1624 2733 Nostris
1677 2662 2346 2736 denunciationibus
2411 2671 2486 2733 et
2541 2655 2992 2752 gravissimis

848 2780 1580 2869 condemnationibus,
1622 2772 2072 2878 exequutioni
2109 2782 2184 2853 in
2223 2783 2513 2877 reliquis
2548 2778 2794 2852 ltaliae
2827 2796 2992 2873 par—

850 2900 1043 2975 tibus
1108 2904 1457 2993 gradatim
1507 2904 1969 2992 demandata,
2039 2903 2112 2975 'in
2187 2902 2322 2976 boc
2371 2904 2596 2975 etiam
2653 2895 2994 2974 Catholi—

848 3039 981 3095 cae
1034 3014 1195 3095 fidei
1230 3033 1499 3097 ‹centro
1544 3019 1934 3117 Religiosas
1997 3015 2336 3097 Familias
2391 3024 2808 3112 extinguere
2861 3016 2992 3095 de—

850 3140 1043 3229 beat,
1091 3143 1427 3238 bonaque
1482 3142 1847 3219 Ecclesiae
1875 3138 2212 3219 addicere
2273 3139 2474 3231 fisco,
2529 3148 2608 3215 ct
2647 3145 2988 3236 publicae

850 3261 1163 3337 obiicere
1210 3264 1616 3339 licitationi.
1657 3262 1882 3339 Porro
1937 3267 2055 3339 lex
2109 3268 2358 3351 istaec,
2413 3265 2472 3337 si
2527 3270 2766 3337 tamen
2814 3267 2994 3356 legis

855 3382 1139 3457 nomine
1196 3386 1438 3459 scitum
1498 3387 1874 3461 honestare
1925 3389 2116 3473 licet,
2155 3388 2291 3480 ipsi
2345 3386 2684 3471 naturali,
2739 3378 2990 3458 divino

856 3512 931 3579 et
982 3500 1223 3579 sociali
1280 3502 1418 3580 iuri
1476 3524 1928 3601 repugnans,
1997 3510 2220 3581 multo
2283 3508 2598 3601 iniquior
2661 3517 2734 3578 et
2789 3508 2995 3579 fune·

860 3624 1035 3699 stior
1114 3623 1381 3701 Romae
1452 3638 1525 3701 et
1591 3630 2112 3723 circumpositis
2193 3625 2494 3721 obtingit
2575 3628 2988 3720 provinc-iis.

856 3740 1281 3821 Profirndius
1330 3750 1521 3821 enim
1576 3762 1654 3823 et
1707 3752 1939 3825 acrius
1971 3751 2152 3824 -iura
2199 3752 2530 3824 vulnerat
2586 3759 2658 3821 et
2712 3768 2994 3841 posses—

858 3868 1091 3941 siones
1116 3871 1555 3945 :universalis
1592 3868 1994 3958 Ecclesiae,
2023 3873 2199 3945 fonti
2253 3869 2384 3963 ipsi
2423 3869 2793 3943 insidiatur
2829 3872 2992 3946 veri

858 3989 1089 4063 uultus
1120 3992 1431 4075 socialis,
1470 3982 2132 4086 quemReligiosae
2170 3990 2516 4065 Familiae
2557 3992 2852 4065 immani
2891 3992 2995 4063 la·

858 4109 1029 4180 bore
1088 4112 1391 4205 parique
1448 4114 1844 4188 constantia
1909 4124 1982 4185 et
2049 4106 2660 4205 magnanimitalo-
2703 4129 2884 4184 nou.
2916 4112 2988 4183 in

861 4227 1259 4322 regionibus
1314 4226 1589 4308 tantuin
1651 4234 1916 4307 nostris
1969 4246 2478 4326 promoverunt
2535 4243 2611 4305 et
2687 4234 2991 4325 perfece-

862 4361 1087 4435 runt,
1137 4352 1267 4424 sed
1320 4353 1411 4425 ad
1464 4365 1736 4427 exteras
1809 4365 2091 4451 quoque
2171 4365 2420 4449 gentes
2472 4366 2550 4429 et
2603 4351 2930 4427 efferatas
2963 4392 2986 4437 ‚
