3292 5275
2369 472 2465 561 17

355 622 636 697 stricem
697 616 1130 719 sapientiam,
1167 636 1352 710 quae
1421 609 1813 691 Nobiscum
1884 613 2005 697 sit,
2072 624 2147 687 et
2219 608 2465 693 Nobis-

355 726 514 819 cum
585 740 900 823 laboret,
955 747 1030 813 et
1097 738 1402 816 sciamus
1464 734 1633 837 quid
1704 744 2061 831 acceptum
2132 735 2225 815 sit
2286 734 2467 827 apud

355 856 540 939 Eum
577 852 708 958 (1).
747 855 842 933 Et
876 878 1010 953 quo
1067 857 1340 933 facilius
1393 852 1584 932 Deus
1619 848 1891 934 Nostris
1946 866 2211 934 annuat
2245 858 2462 943 votis,

353 993 428 1059 et
483 980 767 1057 inclinet
819 1000 1025 1056 aures
1081 1000 1242 1057 suas
1298 978 1386 1053 ad
1443 998 1688 1073 preces
1742 971 2069 1062 Nostrae,
2145 978 2463 1057 omnium

353 1099 924 1177 Christifidelium
979 1097 1412 1199 religionem,
1451 1119 1535 1174 ac
1587 1099 1927 1197 pietatem
1979 1096 2283 1177 excitare
2338 1096 2465 1175 de·-

353 1220 726 1304 crevimus,
782 1232 892 1305 ut,
949 1216 1332 1295 coniunctis
1407 1213 1785 1294 Nobiscum
1848 1216 2205 1311 precibus,
2232 1212 2469 1312 Omni-

353 1342 662 1435 potentis
701 1342 1036 1417 dexterae
1071 1337 1431 1425 auxilium,
1471 1349 1544 1410 et
1578 1338 1887 1413 caeleste
1938 1320 2184 1415 lume'n
2225 1337 2469 1431 implo-

355 1482 618 1546 remus,
673 1482 814 1559 quo
869 1460 945 1534 in
1000 1460 1134 1533 boc
1184 1454 1500 1533 Concilio
1551 1479 1635 1531 ea
1691 1457 1923 1535 omnia
1976 1469 2283 1536 statuere
2340 1479 2467 1534 va-

351 1582 646 1666 lcamus„
681 1601 862 1675 quae
915 1580 1005 1653 ad
1059 1599 1492 1653 communem
1528 1577 1743 1653 totius
1798 1580 2033 1679 populi
2088 1574 2463 1659 Christiani

353 1702 678 1791 salutem,
729 1701 1270 1796 utilitatemque,
1311 1719 1396 1773 ac
1431 1696 1765 1777 maiorem
1803 1699 2191 1778 catholicae
2228 1696 2468 1777 Eccle-

353 1822 494 1897 siae
549 1821 836 1915 gloriam
889 1829 963 1894 et
1017 1819 1446 1905 felicitatem,
1485 1841 1569 1897 ae
1608 1840 1855 1913 pacem
1904 1819 2205 1898 maxime
2256 1819 2468 1917 perti-

355 1954 550 2017 nent.
587 1938 682 2015 Et
717 1943 1048 2036 quoniam
1103 1952 1530 2038 compertum
1585 1951 1695 2013 est
1732 1941 2067 2033 gratiores
2122 1936 2271 2023 Beo
2308 1963 2465 2019 esse

351 2061 714 2139 bominum
769 2082 1014 2157 preces
1055 2059 1116 2135 si
1149 2061 1410 2137 mundo
1464 2060 1705 2143 corde,
1746 2061 1881 2135 hoc
1928 2072 2037 2139 est
2088 2063 2339 2139 animis
2378 2062 2465 2139 ab

353 2186 546 2263 omni
601 2184 862 2259 scelere
915 2180 1232 2273 integris,
1263 2182 1353 2255 ad
1388 2181 1612 2277 ipsum
1650 2180 2297 2271 accedant2iccirco
2332 2182 2465 2261 hac

353 2304 715 2381 occasione
753 2306 1094 2379 caelestes
1145 2298 1743 2398 indulgentiarum
1782 2301 2155 2379 thesauros
2193 2302 2468 2405 dispen-

353 2425 604 2499 sationi
630 2419 926 2500 Nostrae
955 2422 1351 2499 commissos
1388 2418 1791 2516 Apostolica
1819 2422 2239 2502 liberalitate
2260 2419 2468 2505 Chri-

352 2544 758 2620 stifidelibus
815 2564 1130 2619 reserare
1183 2542 1693 2629 constituimus,
1732 2556 1809 2615 ut
1863 2544 2029 2622 inde
2077 2545 2167 2618 ad
2222 2566 2465 2626 veram

349 2665 850 2762 poenitentiam
899 2665 1200 2750 incensi,
1239 2675 1314 2738 et
1350 2685 1474 2759 per
1512 2661 1995 2742 Poeuitentiae
2062 2661 2467 2744 Sacramen-

353 2797 500 2862 tum
538 2809 582 2863 a
618 2798 1066 2885 peccatorum
1117 2785 1410 2864 maculis
1463 2783 1754 2878 expiati,
1796 2785 1883 2860 ad
1921 2781 2283 2866 Thu-onum
2334 2781 2467 2866 Dei

349 2907 676 2986 fidentius
731 2907 1086 2992 accedant,
1123 2905 1405 3002 eiusque
1443 2903 1982 2981 misericordiam
2020 2927 2463 3008 consequan-

353 3039 497 3115 tur,
551 3038 628 3101 et
681 3025 972 3118 gratiam
1023 3025 1097 3098 in
1150 3025 1413 3100 auxilio
1469 3036 1894 3118 opportuno.

561 3141 710 3224 Hoc
762 3141 904 3220 Nos
958 3145 1252 3222 consilio
1303 3141 1821 3238 Indulgentiam
1874 3147 1965 3220 ad
2018 3149 2245 3223 instar
2280 3143 2466 3230 lubi-

351 3265 489 3340 laei
551 3262 908 3342 Catholieo
980 3261 1150 3340 Orbi
1232 3265 1759 3342 denunciamus.
1836 3263 2299 3357 Quamobrem
2373 3267 2463 3350 de

353 3384 875 3488 Omnipotentis
915 3382 1046 3459 Dei
1083 3385 1590 3474 misericordia,
1629 3411 1715 3462 ac
1744 3384 2129 3464 Beatorum
2165 3386 2354 3464 Petri
2393 3401 2466 3468 et

349 3505 560 3586 Pauli
613 3505 1108 3604 Apostolorum
1171 3507 1324 3587 eius
1405 3507 1818 3588 auctoritate
1898 3509 2149 3586 confisi
2203 3531 2295 3582 ex
2348 3509 2468 3587 illa

347 3626 600 3724 ligandi
656 3650 739 3703 ac
792 3629 1108 3708 solvendi
1163 3642 1538 3726 potestate,
1586 3651 1804 3727 quam
1856 3624 2073 3706 Nobis
2128 3624 2465 3712 Dominus

347 3749 516 3853 lieet
567 3749 866 3844 indignis
918 3752 1229 3839 contulit,
1267 3752 1608 3828 universis
1645 3774 1727 3825 ac
1764 3751 2053 3844 singulis
2098 3753 2466 3852 utriusque

351 3891 562 3945 sexus
616 3867 1198 3950 christifidelibus
1251 3874 1327 3946 in
1383 3875 1562 3946 alma
1613 3867 1805 3949 Urbe
1859 3867 2117 3949 Nostra
2151 3872 2470 3972 degenti·-

347 3987 506 4078 bus,
560 3993 674 4064 vel
730 3991 820 4064 ad
871 4013 1026 4066 eam
1079 3993 1637 4078 advenientibus,
1696 3993 1814 4088 qui
1842 4015 1889 4064 ..a
1928 3993 2041 4066 die
2097 3994 2320 4088 primo
2358 3997 2469 4074 fu·-

349 4112 495 4188 turi
549 4111 804 4185 mensis
859 4106 1043 4186 Iunii
1099 4135 1327 4210 usque
1383 4115 1468 4186 ad
1534 4115 1744 4199 diem,
1800 4136 1942 4209 quo
1994 4108 2466 4195 oecumenica

502 4369 590 4458 (1)
633 4369 914 4458 Sapicnt.
957 4389 1098 4458 cap.
1141 4369 1203 4442 9.
1249 4391 1314 4442 v.
1357 4369 1420 4444 4.
1461 4369 1562 4442 1⁰.
1990 4477 2043 4566 2
