3292 5275
2408 483 2461 565 9

343 618 534 695 veris
589 615 688 692 Te
743 640 886 695 una
941 642 1105 696 cum
1141 617 1511 707 Antistite,
1551 622 1678 717 qui
1716 618 1817 697 Te
1872 624 1975 696 ita
2028 625 2245 697 sacris
2298 645 2463 699 cae-

341 742 678 816 remoniis
740 761 1154 815 consecrare
1221 762 1366 815 non
1431 743 1840 828 dubitaret,
1905 744 2461 839 indignationem

339 856 664 935 Nostram
689 908 712 945 ,
769 870 842 933 ct
895 856 1024 934 SS.
1081 858 1590 963 Apostolorum·
1629 857 1825 937 Petri
1903 875 1977 937 et
2036 861 2236 938 Pauli
2302 886 2460 941 esse

339 980 820 1070 incursurum3
857 978 1092 1078 Teque
1145 980 1432 1077 insuper
1467 1004 1508 1055 a
1548 983 1967 1077 pontificalis
2016 984 2219 1057 officii
2256 1005 2461 1058 exer·

341 1102 510 1175 citio
530 1150 553 1187 ,
611 1122 744 1175 nec
807 1122 946 1175 non
1001 1123 1044 1174 a
1097 1104 1436 1195 regimine
1501 1114 1574 1175 et
1640 1103 2251 1177 administratione
2306 1104 2458 1179 sive

342 1224 696 1317 spirituali
751 1224 904 1297 sive
959 1225 1333 1317 temporali
1373 1220 1742 1299 Ecclesiae
1782 1236 1945 1300 tuae
1998 1247 2083 1297 eo
2136 1224 2287 1319 ipso
2342 1246 2461 1300 su·-

340 1364 675 1436 spensum
712 1343 884 1419 fore.
925 1340 1146 1417 Porro
1185 1344 1636 1437 professionis
1678 1344 1839 1419 fidei
1880 1366 1921 1417 a
1962 1340 2065 1417 Te
2100 1345 2202 1417 sic
2241 1347 2460 1419 emis-

338 1484 455 1535 sae
508 1474 583 1535 et
637 1464 1012 1537 iuramenti
1069 1484 1108 1535 a
1161 1460 1264 1536 Te
1314 1464 1632 1557 praestiti
1688 1465 2169 1539 authenticum
2224 1486 2461 1539 exem·-

339 1584 496 1675 plar
549 1594 673 1657 tua
727 1605 944 1657 manu
999 1586 1380 1676 signatum,
1435 1586 1802 1658 memorati
1856 1580 2033 1656 Ven.
2075 1580 2191 1655 Fr.
2232 1580 2459 1658 Patri-

338 1702 592 1777 nrchae
648 1705 1164 1798 subscriptione
1237 1705 1650 1778 roboratum
1670 1755 1696 1793 ,
1751 1706 2149 1799 vestrisque
2212 1703 2457 1797 sigillis

333 1826 680 1897 munitum
762 1825 848 1897 ad
901 1820 1044 1899 Nos
1125 1824 1602 1921 quantocitius
1678 1824 1864 1897 mitti
1928 1826 2253 1899 iubemus
2331 1848 2457 1920 per

335 1937 518 2017 Ven.
576 1941 693 2019 Fr.
750 1936 1115 2021 Nicolaum
1171 1944 1797 2040 Archiepiscopum
1852 1940 2458 2039 Martianopolita-
2504 2014 2511 2021 .

336 2086 529 2150 num,
567 2060 904 2140 Nostrum
958 2080 1171 2162 atque
1225 2070 1434 2142 huius
1471 2063 1919 2161 Apostolicae
1954 2061 2159 2139 Sedis
2195 2066 2270 2137 in
2307 2061 2457 2140 Me-

333 2186 751 2279 sopotamia,
789 2189 867 2260 in
903 2183 1236 2261 Armenia
1275 2184 1578 2272 Minore,
1617 2190 1691 2259 in
1729 2182 2183 2260 Gurdistania
2237 2198 2455 2283 atque

332 2306 408 2377 in
462 2302 754 2380 Perside
808 2302 1248 2400 Delegatum.
1684 2308 1687 2311 ’

548 2424 894 2504 Futurum
948 2441 1188 2502 autem
1235 2430 1310 2502 in
1346 2424 1646 2503 Domino
1701 2428 2144 2515 confidimus,
2184 2441 2264 2504 ut
2318 2430 2455 2503 im-

335 2549 640 2643 positum
697 2545 859 2621 Tibi
913 2570 1092 2622 onus
1147 2570 1314 2623 cum
1376 2552 1603 2643 gratia
1659 2544 1954 2623 Nostrae
2008 2545 2453 2623 Benedictio-

333 2672 444 2743 nis
499 2673 831 2743 alacriter
883 2672 1314 2764 suscipiens,
1371 2693 1456 2744 ea
1509 2693 1691 2766 quae
1746 2682 1913 2744 sunt
1966 2667 2127 2746 lesu
2182 2667 2449 2745 Christi

333 2791 578 2865 sedulo
629 2801 702 2864 et
759 2793 967 2864 unice
1021 2812 1346 2887 quaeras3
1399 2803 1614 2888 atque
1672 2795 1747 2864 in
1788 2787 1941 2865 Tua
1996 2792 2305 2866 dioecesi
2344 2793 2453 2867 iu-

333 2923 458 2986 xta
511 2934 750 2986 sacros
785 2907 1106 2986 Canones
1145 2913 1614 3006 personaliter
1647 2925 1724 2986 et
1768 2913 2047 2986 assidue
2104 2913 2445 3000 residens,

333 3028 732 3106 Catholicos
790 3035 864 3104 in
919 3032 1082 3105 fidei
1138 3033 1570 3125 professione
1625 3031 2066 3117 confirmare,
2127 3039 2451 3108 errantes

334 3153 420 3226 ad
473 3165 766 3226 sanctae
819 3148 1065 3226 Matris
1119 3149 1481 3226 Ecclesiae
1539 3153 1765 3225 sinum
1831 3173 2157 3225 revocare
2182 3200 2205 3234 ‚
2260 3165 2453 3226 cete-

331 3293 588 3368 rasque
643 3271 1032 3366 gravissimi
1091 3269 1228 3347 Tui
1282 3273 1655 3356 ministerii
1709 3283 1942 3365 partes
2009 3274 2453 3348 accuratissi-

329 3414 442 3466 me
497 3394 785 3487 implere
839 3393 1151 3468 studeas.
1211 3389 1564 3487 Imprimis
1631 3414 1802 3466 vero
1866 3413 2147 3465 omnem
2210 3415 2453 3467 curam

241 3495 248 3500 ¹
329 3515 689 3607 impendas
743 3536 885 3609 quo
939 3515 1248 3586 universi
1303 3513 1542 3586 fideles
1617 3509 1811 3586 Tuae
1891 3533 2111 3586 curae
2168 3535 2451 3588 concre-

326 3635 518 3720 diti,
575 3635 852 3708 sublata
905 3635 1223 3729 qualibet
1273 3635 1717 3708 contentione
1788 3645 1861 3706 et
1926 3623 2389 3709 aemulatione
2423 3685 2447 3724 ,

326 3753 602 3828 solliciti
665 3753 806 3826 sint
869 3775 1158 3828 servare
1233 3755 1579 3828 unitatem
1658 3755 1953 3848 spiritus
2028 3756 2104 3826 in
2158 3757 2449 3832 vinculo

326 3875 551 3969 pacis,
591 3887 666 3948 et
702 3896 844 3968 pax
877 3871 1144 3948 Christi
1199 3875 1470 3950 exultet
1522 3857 1598 3947 in
1654 3875 1989 3949 cordibus
2047 3897 2313 3952 eorum.
2354 3873 2451 3950 Et

323 3997 661 4091 quoniam
715 3997 1232 4070 administratio
1267 3998 1736 4092 quorumdam
1800 3998 2449 4072 ecclesiasticorum

325 4117 666 4190 bonorum
721 4118 1164 4191 occasionem
1219 4118 1699 4192 simultatibus
1753 4127 1826 4190 et
1882 4117 2449 4192 contentionibus

322 4237 738 4333 praebuisse
775 4235 1230 4327 dignoscitur,
1268 4238 1525 4311 idcirco
1563 4237 1731 4311 huic
1769 4235 2049 4327 negotio
2098 4239 2231 4310 rite
2287 4260 2450 4332 pro-

323 4357 634 4432 curando
688 4355 1006 4431 iussimus
1063 4379 1107 4431 a
1163 4369 1544 4432 memorata
1595 4352 1853 4431 Nostra
1888 4352 2447 4450 Congregationo

319 4487 758 4577 opportunas
814 4473 969 4552 Tibi
1025 4477 1178 4554 dari
1234 4479 1745 4555 instructiones
1799 4487 1874 4555 et
1929 4476 2283 4554 mandata.
