3292 5275
2289 503 2394 586 99

282 663 319 710 ιι
380 661 543 714 men
596 642 1030 729 existiment,
1083 642 1481 715 blandiente
1538 644 1947 716 adversario⁴
2001 655 2212 737 atque
2267 647 2400 719 fal-

283 787 319 830 »
383 765 621 850 lente3
678 763 793 856 qui
849 763 1237 836 secundum
1276 758 1594 856 Apostoli
1652 783 1898 836 vocem
1955 765 2402 860 transfigurat

283 905 319 952 n
386 905 461 955 se
516 886 716 956 velut
770 885 1093 976 angelum
1151 886 1329 958 lucis
1384 877 1497 984 (2.
1543 881 1710 956 Cor.
1748 880 1870 955 xl.
1937 875 2094 985 14),
2150 894 2223 958 et
2275 888 2404 957 mi-

280 1027 317 1072 »
382 1003 645 1076 nistros
702 1025 867 1075 suos
950 1005 1287 1077 subornat
1362 1007 1559 1076 velut
1622 1004 1982 1078 ministros
2040 1006 2344 1080 iustitiae
2376 1056 2398 1092 ‚

282 1147 315 1194 n
382 1135 769 1196 asserentes
827 1135 1103 1197 noctem
1157 1146 1287 1217 pro
1343 1124 1486 1210 die,
1535 1124 1900 1197 interitum
1955 1147 2084 1217 pro
2139 1130 2395 1212 salute,

280 1267 315 1314 »
383 1244 941 1338 desperationem
1010 1245 1140 1315 sub
1204 1246 1499 1318 obtentu
1565 1244 1770 1336 spei,
1839 1243 2204 1336 perfidiam
2269 1249 2399 1321 sub

281 1387 316 1434 n
380 1375 761 1457 praetextu
818 1363 1005 1450 fidei,
1062 1365 1551 1438 antichristum
1608 1363 1744 1435 sub
1797 1365 2142 1437 vocabulo
2195 1362 2402 1438 Chri-

281 1509 317 1554 »
384 1486 529 1555 sti:
587 1495 669 1557 ut
741 1485 905 1557 dum
980 1487 1394 1558 verisimilia
1468 1486 1964 1570 mentiuntur,
2027 1487 2399 1559 veritatem

280 1627 313 1673 n
378 1605 766 1678 subtilitate
822 1605 1269 1679 frustrentur.
1312 1627 1368 1702 ί»

380 1717 455 1799 3.
516 1723 669 1797 Etsi
712 1736 950 1800 autem
988 1729 1154 1802 novi
1195 1728 1485 1802 huiusce
1527 1727 1922 1799 schismatis
1961 1727 2195 1812 initia,
2227 1731 2400 1800 mul-

274 1849 397 1931 tis,
433 1846 533 1920 uti
574 1848 851 1930 assolet,
884 1846 1197 1921 involuta
1236 1859 1480 1920 essent
1518 1849 1951 1942 ambagibus,
1982 1843 2124 1920 Nos
2165 1859 2396 1922 tamen

276 1967 463 2038 illius
516 1967 939 2058 pravitatem
992 1979 1067 2040 et
1121 1968 1435 2062 pericula
1504 1970 2100 2061 praesentienteS,
2157 1972 2395 2042 statim

274 2109 401 2181 pro
454 2081 709 2159 Nostro
764 2089 1003 2162 debito
1070 2076 1524 2174 obstitimus.
1581 2091 1764 2161 datis
1829 2091 2224 2181 apostolicis
2278 2092 2402 2163 lit-

271 2210 466 2291 leriS‚
525 2207 761 2280 alteris
817 2209 927 2280 die
981 2201 1089 2280 2AE
1125 2205 1487 2283 Februarii
1532 2201 1762 2294 1870,
1821 2233 1996 2304 quae
2055 2213 2396 2304 incipiunt

270 2324 439 2399 Non
486 2328 639 2401 sine
690 2329 1141 2425 manissime,
1200 2334 1443 2404 alteris
1510 2333 1627 2403 die
1683 2323 1788 2402 20
1853 2327 2022 2402 Maii
2079 2327 2406 2406 eiusdem

272 2449 465 2533 anni,
504 2472 794 2543 quarum
842 2449 1111 2522 initium
1149 2463 1259 2524 est
1304 2447 1461 2539 Quo
1496 2448 1946 2549 impensiore.
1991 2445 2096 2550 (1)
2137 2446 2396 2525 Verum

271 2588 358 2641 eo
414 2591 527 2642 res
581 2573 945 2664 processit,
986 2583 1067 2645 ut
1120 2573 1440 2646 eiusdem
1496 2573 1892 2645 schismatis
1947 2585 2270 2647 auctores
2325 2585 2398 2647 et

270 2692 598 2777 asseclae,
657 2691 1003 2783 despectis
1060 2687 1505 2785 Apostolicae
1560 2695 1771 2769 buius
1809 2690 2013 2766 Sedis
2049 2695 2398 2766 hortatio-

270 2812 506 2895 nibuS‚
568 2813 877 2896 monitis,
935 2825 1009 2885 et
1063 2818 1417 2897 censuriS,
1472 2816 2214 2907 pseudopatriarcham
2261 2816 2394 2887 sibi

270 2922 521 3026 eligere
560 2956 701 3005 non
742 2934 1349 3007 reformidaverint
1375 2956 1405 3004 :·
1444 2956 1656 3028 quam
1701 2935 2112 3007 electionem
2168 2939 2396 3007 omni-

270 3074 365 3125 no
423 3052 685 3125 irritam
724 3067 935 3149 atque
975 3056 1487 3128 schismaticam
1526 3077 1708 3139 esse,
1765 3069 1838 3128 et
1893 3058 2193 3127 electum
2249 3077 2393 3129 una

270 3193 429 3245 cum
471 3176 619 3261 suis
658 3174 1075 3248 electoribus
1114 3178 1483 3248 canonicas
1528 3196 1789 3267 poenas
1844 3175 2224 3247 incurrisse
2273 3176 2398 3248 de-

270 3296 701 3369 claravimus
738 3292 1012 3367 Nostris
1077 3295 1357 3381 litteriS,
1396 3316 1694 3387 quarum
1753 3294 2024 3366 initium
2071 3292 2205 3370 Ubi
2233 3294 2398 3392 pri-

266 3420 416 3499 md,
458 3416 643 3489 datis
682 3418 797 3489 die
838 3420 1205 3491 undecima
1261 3414 1493 3497 Martii
1536 3440 1706 3489 ann.
1759 3406 1985 3489 1871.
2030 3410 2134 3515 (2)
2173 3412 2392 3489 Porro

266 3537 771 3610 catholicorum
824 3542 1143 3613 ecclesiis
1196 3541 1545 3613 violenter
1601 3542 1971 3630 usurpatis
2002 3588 2025 3624 ‚
2081 3539 2396 3631 legitimo

264 3652 668 3733 Patriarch'a
727 3654 903 3730 Ven.
967 3656 1083 3731 Fr.
1148 3658 1450 3732 Antonio
1511 3654 1724 3732 Petro
1779 3655 1880 3729 lX·
1929 3658 2188 3730 finibus
2245 3655 2392 3729 Im-

264 3778 439 3871 perii
494 3774 934 3852 Othomanici
990 3773 1179 3851 exire
1244 3782 1599 3873 compulso
1632 3828 1655 3863 ‚
1715 3780 1862 3871 ipsa
1932 3780 2388 3871 patriarchali

266 3897 628 3972 Ciliciensi
688 3902 879 3985 sede,
935 3922 1115 3995 quae
1168 3912 1275 3972 est
1328 3900 1398 3971 in
1457 3897 1766 3983 Libano,
1831 3900 2118 3972 militari
2173 3920 2390 3972 manu

266 4005 662 4115 occupata]
720 4020 911 4094 civili
967 4022 1171 4093 etiam
1227 4024 1664 4114 praefectura
1722 4020 1952 4113 potiti,
2007 4017 2392 4093 catholicae

429 4304 509 4387 (1)
552 4305 715 4371 Acta
758 4304 857 4369 Pii
900 4304 1013 4369 lx.
1060 4304 1211 4370 Vol.
1256 4304 1335 4369 V.
1384 4325 1527 4387 pag.
1574 4302 1696 4372 129
1735 4314 1804 4370 et
1842 4303 1982 4372 195.

424 4398 508 4483 (2)
549 4399 707 4464 lhid.
752 4418 899 4483 pag.
942 4394 1085 4466 290.
1971 4505 2068 4587 7*
