3292 5275
889 437 1052 539 3⁰2,

888 582 1206 671 solemni,
1263 603 1474 676 quam
1529 603 1711 658 cum·
1748 586 2211 660 serenissimo
2248 583 2677 679 Imperatore
2710 591 3023 664 celebra-

889 701 1120 778 vimus
1155 749 1174 786 ,
1234 712 1314 780 ut
1369 705 1765 780 animarum
1837 705 2043 780 saluti
2100 708 2310 786 simul
2364 721 2437 784 et
2490 711 2732 786 civilis
2790 712 3027 806 reipu.

887 820 1110 900 blicae
1166 823 1551 900 commodis
1621 826 2166 920 prospiceretur,
2200 849 2382 908 nova
2410 831 2761 924 quaedam
2798 833 3024 907 forma

891 945 1064 1022 iuris
1119 939 1588 1037 obtenditur}
1652 955 1726 1024 et
1782 967 1967 1026 nova
2046 949 2349 1026 facultas
2422 949 2605 1024 civili
2660 949 3027 1029 Gubernio

889 1066 1322 1157 vindicatur,
1365 1078 1446 1144 ut
1503 1079 1727 1146 marte
1786 1072 2071 1164 proprio
2124 1071 2211 1147 de
2264 1071 2743 1164 spiritualibus
2794 1087 2873 1150 et
2908 1093 3030 1150 ec-

893 1186 1298 1262 clesiasticis
1336 1189 1638 1282 negotiis
1678 1190 2025 1284 quidquid
2083 1189 2311 1270 visum
2362 1193 2601 1278 ruerit,
2638 1195 3025 1270 constituat

895 1317 1110 1400 atque
1161 1309 1516 1386 decernat.

1115 1424 1196 1506 ld
1247 1449 1334 1507 eo
1390 1433 1614 1514 valet,
1684 1441 1767 1506 ut
1818 1431 1932 1516 iis,
1980 1453 2155 1526 quae
2210 1431 2411 1509 modo
2468 1444 2800 1524 rogantur
2856 1436 3029 1528 legi-

891 1549 1052 1636 bue,
1112 1550 1558 1630 inviolabilis
1617 1553 1951 1631 ecclesiae
2007 1554 2299 1630 libertas
2352 1552 2428 1626 in
2476 1555 2871 1630 animarum
2908 1577 3030 1632 cu-

895 1671 1195 1757 ratione,
1251 1672 1325 1750 in
1381 1671 1719 1764 regimine
1774 1673 2087 1750 fidelium
2122 1725 2151 1762 ,
2210 1675 2285 1748 in
2350 1675 2681 1767 ποιεῖσθε
2746 1674 3029 1752 institu-

891 1791 1078 1872 tione
1135 1794 1375 1884 populi
1429 1803 1502 1875 et
1555 1795 1727 1872 cleri
1786 1793 2036 1888 ipsius,
2076 1796 2151 1871 in
2202 1796 2378 1870 ·vita
2432 1795 2517 1869 ad
2572 1797 3029 1890 evangelicam

893 1914 1396 2004 perfectionem
1451 1912 1789 2006 exigenda
1826 1963 1855 1998 ‚
1910 1917 1981 1988 in
2038 1913 2645 1995 administratione
2714 1931 2795 1990 et
2868 1939 3031 2009 pro-

893 2031 1187 2128 prietate
1244 2036 1316 2113 in
1373 2035 1520 2127 ipsa
1575 2035 1921 2108 bonorum
1981 2033 2405 2128 importunis
2456 2036 2747 2113 nexibus
2804 2037 3033 2132 impli-

895 2164 1092 2231 cetur
1147 2165 1362 2248 atque
1417 2154 1967 2249 praepediatur3
2023 2155 2377 2248 perversio
2452 2155 2835 2236 inducatur
2910 2179 3037 2232 ca-

899 2274 1196 2354 tholicae
1249 2275 1699 2369 disciplinae,
1758 2278 2081 2354 foveatur
2144 2275 2233 2352 ab
2290 2271 2607 2350 Ecclesia
2674 2277 2977 2354 detectio
3008 2327 3030 2362 2

897 2405 1382 2488 sectarumque
1455 2396 1735 2476 coalitia
1808 2406 1879 2488 et
1952 2395 2383 2492 conspiratio
2459 2405 2709 2472 contra
2786 2419 3039 2476 veram

897 2509 1162 2596 Christi
1211 2513 1428 2596 fidem
1481 2518 1717 2611 logum
1766 2516 2127 2616 praesidio
2180 2517 2721 2592 communiatur.

1109 2631 1364 2731 Magna
1417 2639 1741 2731 protecto
1798 2632 2015 2715 Nobis
2066 2640 2271 2735 copia
2324 2637 2764 2715 memorandi
2830 2641 3039 2717 foret,

899 2757 1076 2853 quid
1123 2766 1194 2835 et
1247 2768 1584 2850 quantum
1639 2761 2024 2844 malorum,
2082 2759 2137 2831 si
2194 2758 2383 2849 leges
2430 2758 2839 2835 huiusmodi
2884 2780 3043 2857 per-

895 2882 1244 2971 ferantur,
1299 2883 1760 2961 metuendum
1814 2884 1962 2970 sit3
2016 2894 2091 2957 at
2148 2903 2319 2959 vero
2396 2881 2855 2977 prudentiam
2918 2904 3043 2957 ve-

899 3017 1122 3086 stram
1151 3028 1184 3091 ,·
1231 3000 1484 3083 Dilecti
1539 2999 1701 3076 Filii
1758 3000 2001 3080 Nostri
2060 3016 2137 3079 et
2196 2998 2647 3083 venerabiles
2712 3000 3039 3087 Fratres,

899 3126 972 3197 id
1027 3145 1253 3217 neque
1306 3124 1546 3201 fallere
1599 3146 1733 3199 nec
1789 3126 2185 3216 praeterire
2258 3134 2519 3217 potest.
2578 3118 2881 3197 Scilicet
2936 3124 3047 3198 ot-

903 3244 1062 3329 fioia
1109 3247 1261 3323 fere
1317 3246 1562 3317 omnia
1617 3255 1693 3317 et
1746 3242 2097 3319 beneficia
2172 3244 2657 3319 ecclesiastica
2686 3292 2709 3329 ,
2768 3246 2921 3317 imo
2976 3255 3049 3317 et

811 3377 819 3385 ’
899 3362 1316 3445 exercitium
1369 3365 1835 3457 pastoralium
1888 3386 2260 3443 munerum
2318 3364 2418 3439 ita
2472 3363 2667 3437 civili
2698 3366 3047 3456 potestati

899 3486 1074 3563 fient
1125 3485 1430 3564 obnoxia
1457 3532 1479 3575 ,
1543 3494 1622 3565 ut
1651 3485 1859 3563 'sacri
1916 3480 2327 3571 Antistites,
2382 3485 2443 3557 si
2498 3485 2709 3560 novis
2770 3482 3057 3561 iuribus

903 3604 1137 3707 (quod
1175 3600 1402 3703 absit)
1451 3605 2003 3699 acquiescerent,
2056 3606 2367 3697 regimen
2402 3605 2877 3691 dioecesium,
2912 3628 3043 3701 pro

901 3752 1044 3831 quo
1097 3728 1418 3807 districte
1459 3728 1803 3805 rationem
1838 3722 1995 3801 Deo
2048 3737 2209 3802 sunt
2262 3725 2645 3810 reddituri,
2690 3744 2835 3803 non
2872 3748 3051 3803 am·-

903 3850 1082 3945 plius
1138 3850 1344 3929 iuxta
1399 3848 1859 3931 saluberrima
1915 3844 2281 3924 Ecclesiae
2366 3848 2803 3941 praescripta
2884 3846 3061 3925 reti-

907 3992 1102 4058 nere,
1159 3970 1279 4043 sed
1335 3969 1422 4040 ad
1480 3980 1735 4041 nutum
1778 3980 1849 4041 et
1889 3968 2259 4042 arbitrium
2318 3987 2567 4039 eorum
2620 3967 2745 4059 qui
2802 3969 3065 4063 reipu-

897 4092 1130 4173 olicae
1188 4088 1644 4187 praefuerint,
1698 4101 2007 4167 tractare
2060 4098 2133 4169 et
2188 4087 2553 4164 moderari·
2596 4099 3059 4177 cogerentur.

912 4208 1095 4301 Quid
1155 4232 1360 4306 porro
1415 4230 1500 4281 ex
1572 4212 1663 4283 iis
1737 4208 2210 4303 rogationibus
2272 4206 2793 4299 expectandum
2856 4208 3061 4295 erit,

911 4353 1094 4435 quae
1149 4333 1235 4407 de
1293 4331 1657 4428 agnitione
1714 4329 2193 4430 religiosorum
2254 4328 2583 4406 ordinum
2644 4326 3067 4403 inscribun-
