3292 5275
834 475 991 556 354

835 620 1107 703 vellet,
1168 643 1319 694 nec
1354 643 1668 716 unquam
1721 624 2088 696 destitistis
2144 627 2231 698 ab
2289 628 2622 700 iterandis
2687 627 2944 700 amoris

836 743 1056 812 vestri
1115 741 1523 814 testimoniis
1556 791 1581 823 ‚
1645 743 2098 838 omnibusque
2164 747 2574 820 adhibendis
2643 751 2884 821 officiis
2920 798 2942 832 ,

835 861 1087 953 quibus
1150 857 1291 934 Nos
1354 861 1420 932 in
1476 865 1930 940 tribulatione
2003 861 2258 941 Nostra
2331 869 2542 942 solari
2622 869 2940 960 possetis.

834 975 1207 1076 Postquam
1268 1005 1434 1054 vero
1492 983 1623 1055 hac
1680 985 1832 1083 ipsa
1873 987 2046 1058 urbe
2105 989 2318 1064 totius
2375 989 2565 1060 orbis
2619 987 2944 1060 catholici

836 1105 1064 1196 capite
1124 1105 1387 1198 privati
1444 1104 1740 1189 fuimuS,
1798 1118 1868 1176 et
1921 1127 2167 1178 eorum
2217 1108 2506 1180 arbitrio
2563 1109 2945 1190 commissi,

834 1225 958 1317 qui
994 1218 1137 1295 Nos
1170 1237 1686 1317 oppresserant,
1726 1221 1869 1298 Vos
1909 1249 2042 1300 una
2079 1249 2240 1300 cum
2277 1229 2630 1328 plerisque
2671 1251 2707 1298 e
2737 1223 2951 1301 Dioc—

838 1345 1099 1417 cesium
1157 1356 1543 1418 vestrarum
1600 1343 1915 1418 fidelibus
1954 1346 2424 1441 ingeminastis
2481 1369 2751 1440 preceS,
2793 1371 2950 1424 cre-

839 1464 1113 1556 brisque
1168 1464 1825 1537 denunciationibus
1895 1469 2288 1539 asseruistis
2341 1479 2774 1541 sacrosancta
2831 1490 2950 1538 rc-

840 1583 1115 1673 {igionis
1169 1595 1241 1654 et
1294 1584 1599 1657 iustitiae
1638 1586 1816 1668 iura,
1859 1607 2040 1680 quae
2091 1586 2488 1658 incredibili
2541 1589 2957 1678 proculcan-

840 1715 959 1777 tur
1012 1725 1214 1777 ausu.
1270 1700 1471 1777 Nunc
1532 1717 1798 1789 autem,
1855 1728 2018 1778 cum
2073 1726 2258 1780 novo
2315 1718 2474 1800 post
2527 1703 2603 1778 S.
2666 1703 2954 1778 Petrum

840 1817 1129 1912 aventu,
1182 1836 1257 1896 et
1312 1827 1383 1896 in
1428 1821 1905 1898 Romanorum
1961 1823 2382 1900 Pontificum
2429 1827 2611 1899 serie
2669 1847 2952 1919 prorsus

844 1946 1181 2018 inusitato
1209 1994 1230 2027 ,
1310 1958 1590 2018 sextum
1649 1958 1722 2018 et
1785 1945 2194 2018 vicesimum
2269 1945 2618 2036 attigimus
2693 1967 2956 2018 annum

842 2061 1239 2157 Apostolici
1302 2061 1539 2138 Nostri
1612 2066 1984 2140 ministerii
2051 2069 2122 2138 in
2175 2062 2494 2142 Romana
2555 2063 2903 2139 Cathedra
2933 2115 2954 2150 ,

846 2185 1105 2256 indicia
1170 2186 1488 2259 edidistis
1544 2187 1722 2260 adeo
1777 2187 2078 2260 illustria
2134 2185 2369 2278 gaudii
2429 2188 2645 2258 vestri
2705 2187 2794 2258 oh
2849 2187 2963 2256 in-

843 2304 1037 2395 signe
1093 2304 1221 2378 boc
1278 2305 1692 2380 beneficium
1743 2309 2078 2380 tenuitati
2135 2301 2429 2382 Nostrae
2485 2305 2831 2400 largitum,
2885 2319 2960 2380 et

844 2425 1018 2497 adeo
1052 2429 1441 2519 ,perspicue
1498 2428 2034 2499 demonstrastis
2090 2427 2661 2500 florentissimam
2715 2425 2959 2509 vitam,

842 2569 975 2641 qua
1030 2550 1287 2643 ubique
1328 2551 1749 2623 informatur
1785 2549 2176 2622 christiana
2232 2549 2516 2635 familia,
2559 2563 2636 2622 ut
2679 2548 2964 2643 profun-

844 2671 931 2741 de
984 2673 1313 2743 commoti
1384 2673 1766 2757 fuerimus3
1821 2683 2131 2765 votaque
2185 2667 2442 2743 Nostra
2499 2672 2755 2743 vestris
2807 2672 2965 2741 iun-

848 2802 1118 2879 gentes,
1157 2811 1375 2863 novas
1426 2791 1586 2861 inde
1636 2789 1824 2863 vires
1865 2792 2270 2862 duxerimus
2310 2790 2398 2861 ad
2443 2790 2722 2882 plenum
2762 2790 2966 2860 ahso-

846 2909 1219 3004 lutumquc
1277 2913 1708 3001 triumphum
1762 2906 2116 2984 Ecclesiae
2183 2908 2515 2983 fidentius
2583 2922 2970 3002 expectan-

848 3028 1037 3101 dum.
1094 3026 1409 3127 Contigit
1463 3041 1699 3103 autem
1748 3025 1967 3103 Nobis
2003 3032 2585 3123 acceptissimum,
2627 3028 2970 3103 creberri-

845 3168 962 3221 ma
1018 3152 1281 3244 ubique
1336 3149 1690 3224 affluxisse
1745 3149 2288 3243 supplicantium
2335 3152 2616 3243 agmina
2675 3150 2762 3222 ad
2805 3172 2971 3222 san-

848 3272 1069 3341 ctiora
1126 3272 1413 3363 templa,
1471 3292 1685 3364 eaque
1743 3270 1816 3340 in
1869 3282 2017 3343 toto
2075 3282 2420 3343 terrarum
2476 3270 2648 3343 orbe
2703 3271 2972 3343 confer·-

850 3392 1119 3462 tissima
1174 3392 1606 3468 redundasse
1644 3390 1959 3464 fidelium
2000 3390 2424 3484 frequentia,
2467 3392 2592 3482 qui
2631 3412 2770 3462 una
2807 3412 2972 3463 cum

848 3512 1132 3603 proprio
1181 3506 1495 3594 Pastore,
1554 3532 1673 3602 per
1729 3511 2042 3603 publicas
2099 3530 2344 3602 preces
2383 3520 2452 3580 et
2494 3521 2974 3581 sacramento·

854 3651 1005 3705 rum
1062 3652 1267 3705 usum
1322 3626 1472 3703 Deo
1540 3630 1784 3721 gratias
1851 3632 2139 3724 agebant
2195 3630 2280 3701 de
2335 3629 2676 3703 beneficio
2759 3624 2973 3701 Nobis

852 3754 1132 3833 collato,
1188 3766 1263 3824 et
1321 3750 1665 3825 instanter
1704 3752 1792 3823 ab
1831 3750 1978 3845 ipso
2035 3747 2398 3823 Ecclesiae
2441 3748 2808 3823 victoriam
2849 3770 2979 3841 po-

855 3873 1233 3944 stulabant.
1276 3868 1671 3945 Moerorem
1707 3884 1967 3957 autem,
2009 3890 2347 3963 curasque
2377 3865 2668 3947 Nostras
2700 3890 2840 3941 uon
2875 3872 2979 3941 le·

858 3992 1015 4063 vari
1072 3994 1303 4079 modo,
1359 3994 1479 4064 sed
1536 4004 1605 4064 et
1661 3994 1735 4063 iu
1793 3992 2122 4082 gaudium
2180 3990 2498 4061 converti
2551 3990 2896 4061 sensimus
2937 4010 2978 4060 a

856 4110 1241 4184 litterarum
1272 4126 1668 4185 vestrarum
1697 4110 2313 4203 gratulationibuS,
2343 4108 2729 4203 obsequiis,
2763 4108 2981 4193 votis,

859 4254 899 4300 a
954 4231 1375 4305 creberrimo
1430 4232 1740 4305 fidelium
1796 4232 2112 4323 undique
2171 4230 2666 4303 confluentium
2715 4230 2983 4301 adven-

864 4365 965 4437 tu,
1024 4376 1198 4449 quos
1255 4354 1438 4426 inter
1478 4353 1764 4448 plurimi
1819 4353 2224 4427 eminebant
2279 4350 2644 4425 nobilitate
2685 4349 2980 4442 generis,
