3292 5275
2281 461 2436 548 105

319 617 391 680 et
444 607 793 684 inaudita.
852 605 1139 682 Etenim
1202 629 1238 679 e
1296 615 1555 682 cuncta
1630 627 1758 701 per
1833 606 2180 680 mundum
2233 608 2439 684 novit

320 749 357 798 n
418 725 798 812 Ecclesia,
852 729 1189 825 quoniam
1240 727 1722 823 quorumlihet
1795 729 2167 800 sententiis
2218 723 2437 824 ligata

320 869 355 920 ιι
416 847 897 938 Pontificum,
954 847 1173 924 Sedes
1227 845 1315 922 Β.
1376 845 1574 922 Petri
1630 844 1952 940 Apostoli
2015 848 2118 922 ius
2181 847 2440 922 habeat

320 995 357 1042 n
419 973 853 1060 resolvendi,
910 983 1161 1065 utpote
1216 993 1395 1065 quae
1430 972 1518 1043 de
1557 971 1750 1044 omni
1807 971 2096 1075 ecelesia
2149 971 2256 1044 fas
2311 971 2441 1044 ha·-

320 1111 357 1163 ιι
420 1091 589 1167 beat
642 1093 1028 1181 iudicandi,
1067 1113 1301 1187 neque·
1352 1093 1678 1184 cuiquam
1735 1068 1820 1164 de
1877 1090 2026 1164 eius
2080 1090 2286 1166 liceat
2337 1093 2444 1166 iu-

318 1235 355 1285 n
418 1215 602 1288 dicio
661 1207 895 1316 (1)».
952 1209 1187 1302 Quare
1242 1235 1401 1289 cum
1454 1209 1864 1286 lanseniani
1946 1213 2283 1286 haeretici
2344 1215 2444 1288 s‘i-

312 1337 511 1409 milia
562 1337 820 1409 docere
877 1335 1029 1409 ausi
1085 1336 1386 1409 fuissent
1421 1327 1565 1436 (2),
1604 1336 1691 1407 de
1745 1337 2260 1410 contemnenda
2311 1339 2445 1410 sci-

314 1457 479 1531 licet
534 1468 905 1551 praetextu
965 1457 1359 1530 iniustitiae
1416 1455 2128 1530 excommunicatione
2185 1482 2223 1529 a
2275 1461 2446 1552 legi-

318 1579 489 1650 timo
542 1574 867 1651 Praelata
922 1576 1225 1662 inflicta,
1287 1579 1511 1672 deque
1548 1560 1925 1672 'implendo
1981 1599 2064 1651 ea
2119 1601 2262 1652 non
2321 1581 2448 1653 ob·

316 1711 553 1772 stante
608 1701 936 1792 propri0,
990 1701 1095 1774 uti
1151 1701 1477 1784 aiebant,
1534 1702 1878 1792 cuiusque
1933 1700 2170 1774 debito
2203 1751 2224 1788 ‚
2283 1699 2447 1775 Cle-

316 1841 511 1894 mens
573 1815 671 1891 xl
740 1821 856 1892 fel.
922 1841 1060 1892 rec.
1128 1821 1621 1914 praedecessor
1695 1817 1954 1894 Noster
2033 1821 2443 1896 huiusmodi

318 1941 830 2035 propositiones
864 1989 885 2026 ‚
943 1939 1228 2013 minime
1286 1943 1558 2014 alienas
1615 1963 1657 2014 a
1714 1941 2072 2013 nonnullis
2131 1942 2444 2017 articulis

317 2059 603 2134 Ioannis
670 2057 961 2134 Wicleff
1008 2061 1422 2154 iampridem
1477 2084 1518 2135 a
1572 2058 1858 2156 Synodo
1921 2037 2444 2136 Constantiensi

316 2191 391 2256 ct
446 2205 489 2254 a
540 2179 848 2255 Martino
903 2177 964 2252 V
1020 2183 1531 2265 condemnatis,
1590 2181 2006 2275 proscripsit
2058 2193 2268 2278 atque
2324 2185 2450 2256 da-

318 2305 596 2376 mnavit
634 2305 708 2375 in
744 2300 1265 2378 Constitutione
1308 2301 1726 2401 Uniqem‘tus
1761 2305 1950 2377 edita
1993 2313 2232 2377 contra
2269 2299 2454 2394 Que-

320 2424 527 2497 snelli
584 2445 885 2498 errores.
929 2421 1082 2496 Etsi
1120 2425 1307 2497 enim
1364 2434 1652 2517 propter
1722 2426 2116 2499 humanam·
2157 2423 2452 2501 infirmi-

324 2557 541 2620 tatem
594 2545 748 2618 fieri
802 2539 1226 2642 quandoque
1283 2549 1551 2640 posset,
1606 2557 1684 2617 ut
1741 2546 1901 2642 quis
1957 2569 1999 2620 a
2057 2567 2184 2621 suc
2216 2540 2452 2620 Prae-

318 2671 467 2743 lato
520 2667 841 2741 censuris
896 2668 1157 2741 iniuste
1211 2670 1643 2763 plecteretur
1675 2717 1696 2756 ‚
1756 2690 1931 2765 opus
1995 2678 2235 2743 tamen
2291 2680 2448 2769 est,

321 2791 431 2865 uti
484 2791 761 2862 monuit
827 2784 903 2861 S.
962 2784 1343 2883 Gregorius
1400 2786 1699 2883 Magnus
1755 2772 2262 2885 praedecessor
2318 2786 2453 2865 No-

323 2922 471 2985 ster
507 2902 613 3009 (3)
678 2934 713 2981 «
772 2917 851 2982 ut
902 2912 993 2994 is,
1048 2912 1165 3006 qui
1222 2908 1356 2986 soh
1408 2932 1631 2987 manu·
1677 2900 2004 2985 Pastoris
2054 2924 2192 2999 est,
2251 2912 2454 3005 ligari

328 3050 372 3105 n
429 3034 683 3106 timeat
736 3032 849 3106 vel
906 3032 1194 3116 iniuste,
1232 3054 1363 3107 nec
1414 3028 1738 3107 Pastoris
1795 3036 1906 3107 sui
1961 3034 2301 3108 iudicium
2357 3045 2456 3109 te-

329 3175 367 3226 »
430 3176 623 3229 mere
678 3152 1199 3247 reprehendat3
1236 3174 1327 3227 ne
1366 3156 1503 3230 etsi
1558 3154 1823 3227 iniuste
1879 3156 2135 3248 ligatus
2167 3168 2325 3243 est,
2364 3176 2457 3230 ex

328 3300 367 3349 n
428 3277 581 3369 ipsa
619 3276 929 3350 tumidae
968 3274 1533 3369 reprehensionis
1587 3276 1949 3369 superbia,
2009 3258 2239 3370 culpa,
2278 3296 2455 3371 quae

330 3418 367 3468 n
432 3418 573 3469 non
629 3406 803 3483 erat,
840 3396 989 3470 fiat.
1038 3420 1075 3467 ι)
1138 3393 1347 3486 Quod
1384 3397 1441 3467 si
1483 3398 1600 3472 vel
1653 3398 1920 3471 iniuste
1973 3396 2198 3489 ligato
2247 3419 2284 3469 a
2323 3413 2454 3473 suo

320 3514 617 3591 Pastore
658 3518 1179 3592 formidandum
1226 3530 1363 3604 est,
1402 3514 1581 3611 quid
1614 3516 1702 3590 de
1751 3517 1834 3590 iis
1891 3516 2297 3604 dicendum,
2337 3518 2455 3613 qui

324 3639 485 3713 ideo
520 3641 717 3731 ligati
757 3649 955 3728 sunt,
992 3638 1179 3734 quod
1220 3660 1353 3711 suo
1393 3634 1671 3711 Pastori
1699 3648 1774 3713 et
1811 3617 2256 3733 Apostolica'e
2293 3640 2460 3712 huic

322 3756 491 3833 Sedi
548 3760 843 3833 rebelles
896 3760 1391 3834 inconsutilem
1464 3754 1732 3833 Christi
1789 3772 2096 3847 vestem,
2150 3762 2292 3835 hoc
2350 3769 2460 3833 est

322 3877 743 3965 Ecclesiam,
787 3900 983 3953 novo
1039 3881 1419 3953 schismate
1458 3878 1864 3955 lacerarunt
1904 3889 1976 3955 et
2015 3874 2464 3982 dilacerant?

437 3994 561 4076 11.
619 3999 958 4077 Charitas
1015 4021 1221 4091 vero,
1256 4023 1395 4095 qua
1442 4004 1864 4116 praesertim
1919 4004 2318 4111 sacerdotes
2359 4014 2464 4075 te·-

486 4223 565 4309 (1)
611 4222 676 4289 S.
720 4222 943 4292 Gelas.
988 4224 1071 4288 ad
1098 4221 1455 4309 Episcopus
1488 4220 1890 4305 Dardaniae,
1929 4226 2118 4308 epist.
2161 4218 2270 4293 26.
2312 4222 2366 4307 §-
2397 4220 2460 4292 5.

488 4317 571 4401 (2)
619 4318 839 4385 Const.
898 4316 1275 4401 Unigenitum
1314 4336 1500 4401 prop.
1544 4314 1645 4383 91.
1689 4315 1792 4383 Q.
1821 4315 1941 4393 93

490 4410 575 4497 (3)
618 4410 812 4478 Ηοιιι.
856 4408 1078 4477 XXVI
1120 4413 1185 4476 in
1228 4390 1584 4493 Evangelia
1626 4411 1678 4492 §-
1720 4410 1783 4499 6.
