3292 5275
835 502 936 583 12

829 640 1178 716 ficillimae
1217 644 1524 736 regionis
1561 646 2056 730 incommodiS,
2098 646 2175 718 in
2210 640 2707 721 Gurdistaniae
2744 670 2911 721 mon

830 776 936 837 tes
975 774 1140 837 tunc
1176 763 1601 850 divertisset,
1631 780 1713 839 ut
1743 762 2179 841 Nestorianis
2212 769 2284 839 in
2322 763 2685 842 Ecclesiae
2724 770 2951 843 sinum

828 886 1252 959 revocandis
1291 889 1599 961 alacrem
1635 896 1847 981 atque
1885 889 2137 963 utilem
2178 909 2305 980 pro
2362 910 2496 962 suo
2549 908 2743 961 more
2782 910 2955 983 ope-

830 1026 979 1077 ram
1035 1004 1497 1099 impenderet,
1555 1008 1925 1083 mandavit
1983 1003 2157 1081 Ven.
2216 1003 2335 1079 Fr.
2396 1002 2595 1080 Eliae
2650 1006 2953 1102 Episco-

827 1146 918 1219 po
970 1120 1200 1199 Akrae
1253 1124 1747 1216 Chaldeorum,
1803 1150 2012 1223 quem
2076 1129 2165 1202 ad
2229 1130 2411 1203 hanc
2481 1124 2953 1221 Apostolicam

829 1240 1080 1317 Sedem
1134 1248 1512 1338 allegatum
1567 1250 2001 1323 solemnibus
2058 1248 2547 1322 saecularibus
2594 1244 2724 1321 SS.
2767 1244 2956 1344 Apo-

831 1365 1168 1438 stolorum
1205 1363 1403 1440 Petri
1457 1380 1530 1440 et
1583 1366 1786 1443 Pauli
1841 1372 2146 1445 iusserat
2182 1391 2311 1443 suo
2350 1371 2637 1443 nomine
2676 1392 2759 1444 ac
2796 1372 2955 1445 vice

831 1485 1200 1573 interesse,
1255 1499 1336 1559 ut
1367 1482 1588 1561 ‚Nobis
1633 1485 2070 1583 Nostraeque
2124 1490 2260 1563 iam
2314 1502 2737 1564 memoratae
2767 1485 2955 1563 Con-

833 1608 1218 1697 gregationi
1275 1608 1727 1700 significaret,
1767 1631 1841 1681 se
1880 1609 2289 1684 obedienter
2329 1608 2796 1705 alacriterque
2835 1631 2959 1684 ex-

832 1736 1204 1818 cepturum
1265 1728 1612 1825 quidquid
1679 1752 1804 1823 pro
1858 1726 2285 1804 Chaldaicae
2342 1726 2709 1803 Ecclesiae
2776 1731 2956 1803 bono

832 1841 1049 1920 Nobis
1087 1851 1653 1922 constituendum
1692 1850 2079 1925 videretur:
2119 1852 2313 1944 quod
2366 1851 2457 1923 ab
2496 1849 2741 1924 eodem
2780 1845 2961 1944 Epi-

832 1986 1046 2061 scopo
1099 1980 1172 2041 et
1225 1970 1486 2064 scripto
1521 1983 1596 2042 et
1635 1992 1811 2045 voce
1848 1970 2111 2044 factum
2146 1982 2280 2043 est.
2338 1964 2725 2064 Postquam
2782 1990 2957 2044 vero

836 2088 908 2160 in
963 2110 1162 2163 suam
1214 2092 1576 2165 civitatem
1615 2113 1698 2164 ac
1737 2090 1975 2164 sedem
2012 2088 2527 2165 Mausiliensem
2564 2110 2689 2163 seu
2728 2084 2965 2162 Mesu-

833 2208 1066 2281 lanam
1122 2228 1443 2283 reversus
1496 2211 1657 2295 fuit,
1712 2212 1893 2283 datis
1948 2211 2032 2283 ad
2090 2212 2414 2284 eamdem
2461 2207 2967 2305 Congregatio-

837 2348 999 2402 nem
1053 2329 1305 2403 litteris
1358 2331 1584 2422 pridie
1637 2328 1985 2405 Kalendas
2044 2328 2347 2423 Augusti
2401 2332 2783 2425 superioris
2836 2351 2967 2404 an-

837 2451 970 2534 ni,
1027 2464 1268 2544 aperte
1321 2451 1765 2535 declaravit,
1824 2474 1907 2525 se
1964 2452 2195 2545 quoad
2270 2464 2494 2524 certas
2532 2451 2833 2543 'regulas
2890 2454 2962 2523 in

838 2566 1346 2666 Episcoporum
1399 2574 1745 2647 electione
1784 2573 2315 2647 constituendas
2352 2574 2641 2646 minime
2680 2572 2967 2674 ¹dissen-

839 2693 976 2764 tire
1031 2715 1070 2764 a
1121 2696 1498 2767 voluntate
1535 2689 1819 2780 Nostra,
1875 2715 2086 2790 quam
2140 2695 2331 2768 omni
2388 2695 2853 2770 veneratione
2892 2707 2965 2768 et

841 2813 1239 2888 obedientia
1277 2815 1769 2910 excipiendam
1800 2815 2281 2910 profitebatur3
2309 2814 2482 2909 quin
2518 2818 2729 2890 immo
2766 2825 2967 2910 opta-

842 2955 948 3016 re,
988 2948 1068 3007 ut
1101 2957 1286 3030 quae
1325 2937 1412 3008 ad
1447 2931 1879 3008 Orientalem
1919 2937 2277 3030 pertinent
2312 2933 2733 3022 Ecclesiam,
2774 2948 2965 3010 recto

842 3054 915 3127 in
955 3056 1280 3128 omnihus
1316 3056 1563 3129 ordine
1602 3053 1959 3142 instituto,
1999 3058 2503 3143 reformentur3
2540 3069 2613 3130 et
2647 3056 2737 3129 ad
2775 3057 2967 3130 hunc

843 3175 1054 3250 finem
1111 3177 1485 3270 praecipue
1540 3177 1723 3268 leges
1778 3177 2097 3249 ferantur
2163 3176 2247 3248 de
2315 3175 2561 3249 ordine
2618 3178 2823 3259 ritus,
2882 3176 2969 3247 de

844 3296 1088 3368 divino
1154 3297 1416 3383 officio,
1478 3297 1566 3368 de
1629 3308 2236 3372 sacramentorum
2300 3295 2915 3370 administratione
2943 3346 2966 3381 ,

844 3418 934 3489 de
973 3417 1288 3490 omnibus
1324 3419 1603 3488 demum
1639 3417 2133 3490 ecclesiasticis
2174 3419 2505 3510 negotiis.
2560 3411 2975 3512 Obsequen-

845 3539 1097 3612 tissimi
1163 3549 1403 3613 autem
1468 3535 1683 3613 Nobis
1760 3537 1965 3610 animi
2042 3550 2536 3631 argumentum
2598 3538 2969 3622 exhibuit,

847 3661 1227 3755 propositis
1281 3663 1358 3732 in
1412 3660 1659 3732 eadem
1698 3660 1997 3752 epistola
2048 3661 2323 3754 aliquot
2377 3658 2824 3733 sacerdotum
2860 3660 2972 3733 sui

843 3783 1024 3853 ritus
1078 3781 1510 3866 nominibuS,
1553 3793 1632 3854 ut
1670 3802 1845 3875 quos
1898 3780 2253 3872 digniores
2308 3792 2385 3854 et
2420 3775 2785 3853 Ecclesiae
2822 3797 2975 3851 ma-

847 3902 950 3993 gis
987 3901 1202 3976 utiles
1241 3901 1313 3974 in
1351 3897 1658 3974 Domino
1694 3901 2191 3988 indicaremus,
2229 3902 2444 3972 iidem
2484 3900 2746 3973 nedum
2784 3895 2979 3972 Ami·

847 4022 1065 4096 denae
1101 4045 1230 4096 seu
1258 4019 1793 4095 Diarbekirensi
1828 4017 2196 4095 Ecclesiae
2238 4044 2430 4094 anno
2460 4033 2623 4094 ante
2660 4022 2977 4103 vacanti,

849 4163 1092 4216 verum
1128 4153 1200 4217 et
1235 4138 1696 4228 Mardinensi,
1735 4163 1947 4238 quam
2003 4142 2149 4216 illis
2205 4143 2426 4215 ferme
2467 4141 2715 4216 diebus
2755 4151 2983 4234 pasto-

852 4285 929 4338 re
957 4264 1242 4338 viduari
1273 4266 1697 4356 contigerat,
1731 4262 2315 4357 praeficerentur.
2341 4257 2543 4351 Qnac
2572 4261 2807 4334 omnia
2836 4283 2985 4334 ma-

851 4388 1043 4461 xime
1097 4386 1410 4481 profecto
1465 4385 1929 4458 consolationi
1970 4379 2185 4458 Nobis
2244 4386 2473 4470 fuere,
2513 4403 2979 4478 magnumque
