3292 5275
262 624 729 716 obedientiam
780 626 1093 719 profiteri
1133 638 1429 719 possunt
1453 620 1495 698 ἰ’
1548 620 1746 701 Hanc
1781 624 2122 721 siquidem
2159 647 2370 721 prae-

258 748 525 821 sefer-re
578 745 1001 822 videbantur
1052 757 1632 823 commemoratae
1683 749 2180 821 nonnullorum
2233 746 2372 840 Ar,-

256 866 659 941 meniorum
710 868 1320 961 expostulatione&
1372 868 1633 963 quibus
1680 868 1856 941 illud
1908 868 2122 945 etiam
2157 880 2372 963 pete-

256 990 499 1071 batur,
558 997 641 1084 ut
694 988 915 1061 salvis
964 1008 1205 1063 eorum
1262 988 1537 1073 ritibu8‚
1593 982 1919 1079 Delegati
1983 984 2392 1083 Apostolici-

255 1107 731 1184 iurisdictioni
762 1107 968 1201 plane
1006 1108 1525 1185 subiicerentur
1556 1104 1902 1193 Armenii,
1933 1108 2152 1181 donec
2193 1104 2366 1181 Ven.
2501 1107 2511 1120 “

254 1220 511 1299 Frater
576 1224 921 1301 Antonius
992 1223 1245 1301 Petrus
1309 1224 1405 1301 IX
1470 1230 1546 1299 in
1608 1228 1838 1304 officio
1901 1224 2370 1320 ¹Patriarchae

256 1357 605 1421 maneret.
638 1341 837 1437 Quod
874 1348 1157 1441 quidem
1193 1348 1384 1423 nullo
1420 1368 1710 1441 prorsus
1761 1346 1978 1421 modo
2011 1347 2391 1439 indulgen-2

252 1466 427 1537 dum
484 1469 913 1551 censuimus,
966 1468 1183 1547 etiam
1219 1489 1309 1541 ex
1346 1488 1431 1543 eo
1466 1468 1655 1563 quod
1710 1469 2180 1561 excogitatum
2225 1488 2383 1543 ma·.

254 1585 511 1659 nit'este
544 1584 773 1661 inerit
812 1588 897 1661 ad
937 1588 1421 1664 declinandam
1471 1587 1850 1679 legitimam
1905 1588 2216 1663 eiusdem
2245 1610 2370 1685 aue

253 1708 687 1783 ctoritatem.

472 1822 779 1903 Gravius
832 1840 1073 1903 autem
1121 1841 1255 1915 est,
1308 1826 1760 1923 Apostolicae
1816 1824 2016 1905 Sedis
2069 1832 2370 1905 auctori·

254 1958 409 2021 tate
464 1948 662 2021 abuti
688 1948 779 2023 ad
814 1947 1279 2043 effugiendam
1308 1946 1794 2025 Praelatorum
1831 1951 2364 2026 correctionem.

251 2062 579 2163 Namque
628 2090 913 2146 sacrum
964 2082 1179 2144 estet
1212 2070 1399 2143 omni
1450 2081 1682 2172 aetate
1735 2083 2126 2157 servatum,
2154 2082 2368 2169 atque
2491 2080 2498 2088 '

252 2190 331 2261 in
384 2189 655 2262 honore
728 2190 1043 2266 habitum
1096 2188 1205 2265 ius
1256 2191 1750 2285 appellationis
1814 2190 1902 2268 ad
1977 2186 2366 2267 Romanum

252 2305 699 2392 Pontificem,
734 2309 849 2385 cui
878 2310 1219 2388 divinitus
1248 2332 1579 2387 concessa
1618 2322 1916 2404 potestas
1975 2314 2160 2387 inest
2185 2334 2364 2409 quo-

251 2430 587 2505 rumlibet
638 2427 953 2507 Indicum
1004 2431 1215 2525 ligata
1276 2431 1650 2510 sententiis
1705 2432 2160 2510 dissolvendi.
2225 2432 2372 2509 Ve-

250 2570 407 2623 rum
444 2549 727 2625 minime
764 2552 1125 2627 ferendum
1162 2564 1303 2643 est,
1336 2573 1762 2648 quemquam
1799 2553 1912 2627 ius
1953 2554 2125 2627 illud
2164 2575 2361 2649 prae-

250 2681 501 2744 texere
522 2717 549 2764 ,
600 2683 677 2744 et
728 2693 814 2747 eo
866 2673 1063 2746 abuti
1118 2673 1207 2748 ad
1261 2672 1782 2748 inobedientiae
1851 2673 2367 2766 patrocinium3

245 2813 413 2866 cum
464 2791 737 2866 scilicet
786 2793 1077 2878 subditi,
1135 2815 1221 2868 eo
1274 2794 1571 2868 consilio
1626 2794 1700 2864 in
1755 2815 1996 2868 vocem
2052 2795 2378 2890 appella-5

248 2913 471 2988 tionis
540 2925 784 2988 contra
850 2912 1393 2989 ecclesiasticam
1472 2913 1916 3008 disciplinam
1981 2895 2384 3010 perperam

244 3045 646 3130 erumpunt.
683 3031 1101 3111 Remedium
1152 3037 1343 3111 enim
1396 3036 1921 3130 appellationis,
1954 3036 2058 3108 uti
2097 3038 2368 3114 monuit

246 3152 647 3230 Alexander
698 3152 795 3228 111
850 3151 1352 3233 praedecessor
1396 3151 1650 3232 Noster
1683 3147 2010 3253 (1)‚·non
2068 3156 2226 3230 ideo
2261 3155 2369 3229 in-

246 3291 547 3354 ventum
598 3289 709 3354 est
760 3288 840 3350 ut
894 3278 1105 3353 alicui
1156 3301 1209 3358 a,
1250 3275 1607 3370 religionis
1669 3287 1746 3348 et
1800 3278 2064 3352 ordinis
2127 3278 2372 3352 obser-

246 3401 489 3474 vantia
544 3399 971 3472 exorbitanti
1036 3395 1285 3471 debeat
1338 3399 1413 3471 in
1468 3418 1594 3471 sua
1655 3398 1978 3491 nequitia
2023 3399 2371 3490 ,patrociv

246 3523 447 3601 nium
500 3519 893 3594 exhibere:
950 3539 1033 3592 ae
1085 3529 1329 3594 notum
1367 3531 1493 3607 5est
1526 3516 1913 3605 universis,
1953 3517 2372 3612 appellatio-

248 3663 371 3718 nes
422 3643 507 3714 in
556 3639 855 3715 materia
906 3641 1363 3714 correctionis
1412 3651 1483 3712 et
1543 3659 1818 3714 morum
1853 3637 1924 3709 in
1959 3637 2369 3712 devolutivo

246 3771 547 3846 tantum,
602 3761 705 3834 uti
758 3758 985 3844 aiunt,
1041 3759 1421 3835 servandas
1478 3780 1660 3834 esse.
1719 3755 1862 3850 Qui
1911 3779 2122 3832 secus
2159 3777 2369 3848 agere

246 3881 871 3976 praesumpserint,
900 3901 1041 3969 non
1072 3891 1209 3972 tam
1266 3878 1732 3974 obsequentes
1770 3875 2210 3973 Apostolicae
2233 3873 2366 3950 Sev

246 4003 351 4075 dis
378 4001 539 4085 filii,
569 4021 783 4095 quam
836 4001 1293 4076 ecclesiastici
1332 4000 1597 4074 ordinis
1636 3999 2170 4094 perturbatores
2208 4021 2361 4072 esse

242 4125 787 4198 convincuntur.

396 4381 481 4464 (1)
528 4381 683 4466 Gap.
730 4381 809 4448 aa
852 4379 1171 4474 lvo-tram.
1198 4323 1615 4474 aginam.
1698 4372 1777 4476 ᾗ,
1819 4349 1856 4478 ‘-
