3292 5275
838 485 994 566 346
1578 519 1615 562 s

838 645 1011 699 suae
1046 625 1711 698 demonstrationem
1747 621 2042 696 afflictas
2071 625 2278 713 erigit
2317 635 2586 696 mentes
2621 625 2708 696 ad
2747 643 2948 716 spem

838 745 1107 819 indubii
1153 745 1514 838 triumphi.
1562 731 1818 818 Verum
1857 745 1916 816 si
1960 744 2305 818 bonorum
2343 744 2654 819 omnium
2691 739 2945 834 Datori

836 867 1005 940 haec
1058 868 1429 940 referimus
1480 877 1764 957 accepta
1789 914 1815 947 ,
1873 865 2263 954 gratissimo
2301 863 2504 938 simul
2541 866 2752 938 animi
2789 887 2952 938 sen-

838 1008 923 1060 su
978 986 1317 1062 afficimur
1368 988 1441 1059 in
1496 1009 1647 1068 eos,
1699 989 1826 1080 qui
1883 1005 1958 1058 se
2015 987 2477 1058 instrumenta
2532 985 2952 1076 praebentes

838 1109 1121 1180 divinae
1175 1107 1684 1200 providentiae,
1723 1099 1867 1178 Nos
1915 1106 2106 1178 omni
2161 1105 2610 1178 cumularunt
2644 1106 2950 1188 auxilii,

837 1227 1100 1309 solatii,
1154 1227 1497 1320 obsequii,
1552 1225 1979 1311 devotionis,
2037 1225 2294 1298 amoris
2343 1223 2593 1296 officio.
2645 1218 2954 1298 Sublatis

838 1357 1075 1418 autem
1130 1345 1219 1420 ad
1272 1346 1545 1418 caelum
1600 1346 1828 1419 oculis
1885 1365 1968 1418 ac
2023 1345 2390 1426 manibus,
2425 1343 2770 1437 quidquid
2823 1346 2956 1419 hu-

838 1466 1139 1540 iusmodi
1196 1467 1598 1558 impensum
1663 1477 1775 1538 est
1829 1461 2040 1538 Nobis
2099 1487 2140 1538 a
2197 1465 2362 1537 filiis
2414 1461 2682 1537 Nostris
2719 1465 2792 1536 in
2829 1486 2959 1538 no-

838 1585 1025 1658 mine
1062 1580 1347 1659 Domini
1381 1583 1471 1659 Ei
1508 1584 1892 1668 offerimus,
1931 1587 2145 1658 enixe
2201 1596 2599 1676 poscentes,
2641 1597 2724 1659 ut
2761 1605 2952 1658 com-

842 1706 1171 1781 munibus
1206 1727 1451 1782 eorum
1494 1708 1682 1781 votis
1720 1727 1850 1797 pro
1884 1706 2096 1780 huius
2151 1700 2456 1778 Sanctae
2491 1701 2691 1778 Sedis
2747 1704 2960 1778 liber·

838 1837 1011 1910 tate,
1061 1849 1189 1919 pro
1224 1823 1580 1900 Ecclesiae
1621 1827 1948 1910 victoria,
1989 1847 2112 1917 pro
2149 1823 2394 1900 mundi
2431 1825 2956 1918 tranquillitate

840 1944 1045 2020 citius
1096 1947 1556 2032 obsecundet,
1614 1960 1690 2020 et
1741 1946 2130 2019 liberaliter
2187 1945 2572 2040 unicuique
2609 1947 2686 2016 in
2723 1947 2960 2018 caele-

840 2065 1063 2142 stibus
1116 2087 1195 2138 ac
1250 2070 1700 2142 terrestribus
1767 2069 1962 2140 illam
2039 2064 2290 2138 referat
2348 2068 2645 2158 gratiam
2674 2115 2696 2151 ,
2751 2085 2963 2160 quam

836 2181 981 2261 Nos
1034 2189 1293 2260 referre
1350 2190 1744 2283 nequimus.
1803 2183 2219 2277 Significare
2277 2185 2590 2280 proiecto
2649 2187 2964 2280 peculia-

840 2308 1015 2380 riter
1064 2319 1463 2402 optaremus
1500 2308 1852 2385 universis
1889 2319 1964 2380 et
2001 2305 2292 2398 singulis
2329 2319 2606 2398 gratum
2643 2307 2966 2378 animum

838 2421 1197 2512 Nostrum,
1234 2423 1704 2524 Nostramque
1733 2427 1980 2502 testari
2019 2427 2636 2518 propensissimam
2694 2428 2966 2502 volun-

848 2559 1067 2622 tatem
1088 2570 1115 2636 3
1168 2561 1240 2621 at
1280 2551 1635 2625 uberrima
1677 2551 1834 2642 ipsa
1871 2547 2072 2641 copia
2109 2545 2492 2620 officiorum
2534 2569 2637 2633 re,
2677 2551 2968 2642 scripto,

844 2670 1083 2745 verbis
1137 2673 1443 2766 undique
1498 2674 1736 2747 oblata
1771 2673 1842 2743 id
1903 2670 2054 2743 fieri
2109 2672 2314 2764 plane
2361 2690 2504 2743 non
2542 2672 2834 2762 patitur.
2873 2666 2969 2743 Ut

844 2792 1059 2882 igitur
1110 2794 1300 2887 quod
1356 2795 1678 2887 cupimus
1735 2792 1968 2884 aliquo
2031 2790 2236 2863 modo
2272 2812 2754 2884 assequamur,
2795 2787 2966 2877 VoS,

838 2906 1287 2987 venerabiles
1316 2908 1627 2999 FratreS,
1665 2912 1924 3007 quibus
1956 2912 2584 3005 primas·sensuum
2623 2912 2962 2985 horumce

842 3025 1249 3108 Nostrorum
1304 3045 1539 3127 partes
1594 3032 1995 3116 deferimus,
2055 3052 2401 3123 rogamuS,
2445 3044 2523 3105 ut
2577 3053 2700 3105 eos
2749 3029 2964 3105 Clero

844 3154 1241 3247 populoque
1298 3167 1535 3227 vestro
1570 3154 1832 3225 diserte
1875 3152 2234 3225 nuncietis
2273 3174 2356 3225 ac
2395 3151 2744 3245 aperiatis.
2785 3148 2973 3225 Hor-

848 3274 1091 3345 tamini
1128 3286 1363 3349 autem
1418 3296 1696 3357 omnes,
1735 3284 1816 3347 ut
1845 3281 2250 3347 constanter
2306 3272 2681 3348 vobiscum
2707 3274 2782 3345 in
2811 3296 2972 3347 ora·-

848 3395 1039 3467 tione
1094 3406 1550 3489 perseverent
1608 3396 1844 3467 animo
1902 3394 2110 3487 plane
2149 3392 2390 3467 fidenti
2426 3414 2451 3481 3
2509 3414 2668 3466 nam
2705 3396 2764 3467 si
2803 3418 2974 3469 ora-

848 3514 949 3586 tio
1004 3516 1172 3586 iusti
1228 3516 1505 3589 assidua
1562 3526 1890 3609 penetrat
1931 3515 2156 3587 nubes
2213 3536 2344 3587 nec
2381 3514 2706 3601 discedit,
2745 3514 2971 3588 donec

846 3629 1243 3707 Altissimus
1272 3636 1595 3728 aspiciat,
1618 3647 1692 3707 et
1719 3631 2060 3710 Christus
2089 3633 2428 3727 promisit,
2463 3636 2866 3709 adfuturum
2895 3658 2972 3709 se

848 3755 1121 3829 duobus
1158 3758 1231 3827 in
1268 3756 1551 3829 nomine
1594 3777 1728 3827 suo
1765 3757 2182 3830 coniunctis
2225 3767 2298 3827 et
2343 3756 2974 3844 consentientibus,

848 3869 1273 3970 Patremque
1292 3876 1676 3949 caelestem
1706 3877 1932 3949 factm·
1943 3896 2062 3948 um
2083 3874 2428 3969 quidquid
2457 3876 2592 3969 ipsi
2617 3875 2978 3968 petierint3

848 3995 1065 4067 multo
1120 3994 1337 4087 magis
1400 3996 1718 4087 proiecto
1755 3990 2084 4069 Ecclesia
2141 3996 2478 4069 universa
2517 3995 2656 4087 iugi
2689 4010 2762 4069 et
2797 4019 2981 4069 una-

848 4113 1023 4185 nimi
1076 4114 1391 4187 oratioue
1456 4135 1581 4187 sua
1669 4126 2094 4208 assequetur
2125 4164 2148 4203 ,
2203 4128 2280 4187 ut
2331 4115 2616 4189 demum
2647 4162 2668 4199 ,
2733 4116 2978 4189 divina

852 4234 1231 4327 propitiata
1298 4236 1569 4309 iustitia
1596 4284 1617 4319 ,
1675 4237 2026 4309 contritas
2084 4236 2320 4309 videat
2374 4235 2678 4309 infernas
2733 4236 2922 4309 vires
2953 4286 2977 4323 ,

852 4352 1255 4449 profligatos
1292 4377 1375 4429 ac
1413 4353 1678 4429 deletos
1739 4356 2087 4431 humanae
2128 4356 2432 4429 malitiae
2491 4369 2814 4445 conatus,
2855 4378 2982 4451 pa-
