3292 5275
309 647 449 722 lere
488 649 759 725 animus
814 663 948 739 est,
996 661 1342 746 quantum
1400 631 1969 726 adlaboraverint
2026 653 2442 746 praedeces-

309 791 505 843 sores
562 767 825 859 Nostri,
884 793 1045 846 cum
1104 775 1407 866 primum
1465 773 1698 853 licuit,
1758 783 1841 846 ut
1895 783 2210 846 errantes
2268 793 2439 847 oves

312 890 401 962 ad
458 893 751 964 unicum
806 903 880 965 et
926 913 1179 964 vemm·
1227 888 1495 966 Christi
1546 889 1836 967 Domini
1894 915 2173 986 gregem
2233 915 2443 968 revo-

310 1020 580 1082 carent.
621 1005 774 1082 Etsi
812 1022 1050 1086 autem
1087 1014 1363 1086 fructus
1401 1013 1628 1086 labori
1685 1015 2044 1087 cumulate
2102 1035 2241 1086 non
2293 1037 2442 1088 res-

310 1129 672 1224 penderit,
722 1127 874 1206 Deo
934 1145 1155 1204 tamen
1210 1135 1587 1206 miserante
1617 1183 1639 1219 ,
1699 1134 2077 1205 nonnullae
2133 1131 2442 1208 diverso-

304 1273 465 1325 rum
503 1252 763 1326 rituum
818 1247 1181 1360 Ecclesiae
1240 1254 1329 1327 ad
1367 1255 1743 1327 veritatem
1801 1261 1875 1325 et
1915 1253 2268 1326 unitatem
2319 1277 2442 1329 ca-

312 1373 644 1447 tholicam
719 1393 1051 1449 reversae
1126 1384 1341 1462 sunt3
1423 1395 1601 1467 quas
1675 1375 1778 1445 uti
1855 1375 2158 1447 infantes
2233 1376 2438 1449 modo

312 1497 585 1591 genitos
641 1496 830 1567 ulnis
888 1493 1033 1569 suis
1097 1494 1453 1588 excipiens
1508 1489 1915 1587 Apostolica
1973 1491 2190 1567 Sedes
2251 1495 2444 1568 solli-

312 1617 455 1690 cita
510 1615 849 1710 imprimis
890 1617 1052 1700 fuit,
1111 1623 1193 1688 ut
1229 1634 1347 1687 eas
1398 1615 1473 1685 in
1511 1635 1683 1686 vera
1733 1615 2077 1689 catholica
2131 1614 2267 1687 fide
2325 1613 2480 1690 so-'

312 1737 567 1810 lidaret
598 1786 619 1824 ,
688 1747 763 1809 et
826 1737 915 1809 ab
969 1735 1159 1808 omni
1214 1733 1571 1808 haeretica
1634 1736 1788 1808 labe
1842 1755 2128 1828 prorsus
2189 1736 2440 1809 immu-

314 1879 441 1931 nes
499 1867 845 1934 servaret.

427 1969 548 2052 19.
604 1973 789 2051 Hinc
864 1999 1023 2050 cum
1100 1976 1409 2051 delatum
1474 1978 1728 2050 fuisset
1758 2027 1781 2064 ,
1854 1975 2293 2050 disseminari
2365 1978 2439 2050 in

314 2099 607 2176 Oriente
667 2120 885 2193 prava
943 2100 1267 2192 dogmata
1316 2109 1543 2170 sectae
1598 2098 1966 2172 cuiusdam
2022 2098 2110 2171 ab
2138 2094 2442 2191 Aposto-

312 2224 453 2296 liea
499 2216 681 2293 Sede
740 2221 877 2292 iam
926 2223 1370 2316 reprobatae,
1430 2201 1517 2293 eo
1571 2219 1984 2312 praesertim
2043 2219 2434 2304 tendentia,

314 2354 395 2416 ut
453 2343 927 2434 deprimerent
973 2339 1405 2434 pontificium
1460 2339 1969 2444 iurisdictionis
2026 2341 2433 2433 primatum,

314 2465 431 2536 fel.
482 2484 615 2534 me.
676 2458 847 2535 Pius
891 2456 1035 2534 ΡΡ.
1076 2455 1205 2532 vll
1243 2461 1341 2533 rei
1399 2463 1746 2552 gravitate
1812 2483 1894 2533 ac
1950 2460 2256 2555 periculo
2311 2481 2442 2531 ve-

312 2585 677 2657 hementer
733 2591 1123 2657 commotus
1155 2630 1178 2669 ‚
1240 2583 1478 2656 statim
1536 2581 2050 2677 providendum
2106 2583 2433 2669 censuit,

314 2728 403 2779 ne
463 2728 589 2798 per
643 2724 864 2776 vanas
919 2701 1408 2798 quaestionum
1464 2700 1793 2797 ambages
1829 2714 1902 2775 et
1949 2716 2212 2797 pugnas
2269 2724 2436 2775 sana

307 2825 892 2919 quandocumque
956 2824 1336 2897 verborum
1399 2822 1617 2897 forma
1675 2847 1716 2896 a
1771 2825 2156 2897 maioribus
2213 2824 2436 2897 tradi-

314 2955 385 3017 ta
439 2946 694 3019 sensim
776 2942 1097 3017 efflueret
1161 2965 1254 3016 ex
1320 2945 1569 3017 animis
1653 2942 2227 3018 christifidelium.
2285 2938 2436 3033 Qua

314 3053 401 3139 de
433 3088 633 3138 causa
672 3060 1101 3137 patriarchis
1129 3074 1203 3136 et
1232 3061 1696 3137 Antistitibus
1734 3060 2210 3137 Orientalibus
2247 3066 2435 3137 mitti

315 3186 526 3259 iussit
581 3198 897 3258 veterem
953 3184 1315 3257 formulam
1370 3182 1444 3255 S.
1484 3180 1894 3257 Hormisdae
1950 3186 2442 3277 praedecesso-

314 3308 415 3379 ris
469 3301 754 3391 Nostri,
810 3324 1091 3398 unaque
1147 3306 1353 3377 simul
1414 3305 1659 3377 iisdem
1714 3305 2082 3379 mandavit
2137 3295 2301 3404 (1),
2359 3318 2440 3379 ut

313 3448 457 3520 qua
513 3426 651 3499 late
709 3436 981 3517 pateret
1036 3448 1164 3499 sua
1220 3425 1556 3519 cuiusque
1596 3424 2010 3511 iurisdictio,
2047 3420 2438 3519 Episcopus

317 3524 651 3640 singulos,
712 3558 857 3618 tum
914 3545 1080 3617 cleri
1138 3548 1513 3641 utriusque
1570 3547 1949 3619 saecularis
1987 3558 2060 3618 et
2095 3544 2438 3637 regularis

316 3670 515 3741 viros
576 3666 963 3739 animarum
1018 3688 1249 3738 curam
1324 3666 1751 3737 sustinentes
1809 3664 2216 3759 professioni
2271 3664 2436 3737 fidei

316 3788 403 3858 ab
457 3782 747 3859 Urbano
802 3780 961 3857 Vin
1020 3788 1491 3880 praescriptae
1558 3807 1684 3879 pro
1738 3783 2214 3860 Orientalibus
2269 3786 2440 3858 snb-

312 3908 619 3979 scribere
676 3906 1027 3991 iuberent,
1086 3906 1223 3979 nisi
1278 3920 1488 3979 antea
1534 3909 1715 3980 forte
1755 3904 1894 3979 iam
1949 3904 2018 3978 id
2073 3908 2436 3997 fecissent3

314 4026 641 4122 idemque
696 4027 780 4101 ab
832 4030 935 4101 eis
990 4030 1398 4121 exigerent,
1458 4030 1581 4123 qui
1642 4028 1972 4121 deinceps
2025 4040 2266 4101 essent
2315 4050 2437 4102 ec-

473 4364 553 4451 (1)
596 4365 863 4453 Encycl.
910 4368 975 4436 S.
1022 4368 1094 4435 C.
1139 4370 1219 4439 de
1270 4368 1553 4451 Propag.
1608 4364 1768 4433 Fide
1812 4367 1875 4435 6.
1927 4367 2080 4435 Iulii
2126 4364 2287 4439 1803
2337 4444 2346 4455 ,
