<?xml version="1.0" encoding="UTF-8"?>
<!DOCTYPE html PUBLIC "-//W3C//DTD XHTML 1.0 Transitional//EN"
    "http://www.w3.org/TR/xhtml1/DTD/xhtml1-transitional.dtd">
<html xmlns="http://www.w3.org/1999/xhtml" xml:lang="en" lang="en">
 <head>
  <title>
</title>
<meta http-equiv="Content-Type" content="text/html;charset=utf-8" />
  <meta name='ocr-system' content='tesseract 3.04.00' />
  <meta name='ocr-capabilities' content='ocr_page ocr_carea ocr_par ocr_line ocrx_word'/>
</head>
<body>
  <div class='ocr_page' id='page_1' title='image "./piiixpontificis01ixgoog_0451.png"; bbox 0 0 3292 5275; ppageno 0'>
   <div class='ocr_carea' id='block_1_1' title="bbox 318 638 2448 1819">
    <p class='ocr_par' dir='ltr' id='par_1_1' title="bbox 318 638 2442 1333">
     <span class='ocr_line' id='line_1_1' title="bbox 319 638 2438 743; baseline 0.004 -28"><span class='ocrx_word' id='word_1_1' title='bbox 319 641 571 716; x_wconf 86' lang='lat' dir='ltr'><strong>litteris</strong></span> <span class='ocrx_word' id='word_1_2' title='bbox 600 638 1027 736; x_wconf 84' lang='lat' dir='ltr'><strong>Apostolicis</strong></span> <span class='ocrx_word' id='word_1_3' title='bbox 1084 644 1222 716; x_wconf 88' lang='lat' dir='ltr'><strong>iam</strong></span> <span class='ocrx_word' id='word_1_4' title='bbox 1276 645 1631 717; x_wconf 78' lang='lat' dir='ltr'><strong>concessis</strong></span> <span class='ocrx_word' id='word_1_5' title='bbox 1685 645 1885 720; x_wconf 84' lang='lat' dir='ltr'><strong>iuxta</strong></span> <span class='ocrx_word' id='word_1_6' title='bbox 1942 649 2438 743; x_wconf 88' lang='lat' dir='ltr'><strong>praescriptum</strong></span> 
     </span>
     <span class='ocr_line' id='line_1_2' title="bbox 322 759 2436 855; baseline 0.002 -21"><span class='ocrx_word' id='word_1_7' title='bbox 322 763 413 834; x_wconf 87' lang='lat' dir='ltr'><strong>ab</strong></span> <span class='ocrx_word' id='word_1_8' title='bbox 474 761 709 836; x_wconf 88' lang='lat' dir='ltr'><strong>alteris</strong></span> <span class='ocrx_word' id='word_1_9' title='bbox 774 759 1193 855; x_wconf 86' lang='lat' dir='ltr'><strong>Apostolicis</strong></span> <span class='ocrx_word' id='word_1_10' title='bbox 1257 763 1515 836; x_wconf 88' lang='lat' dir='ltr'><strong>litteris</strong></span> <span class='ocrx_word' id='word_1_11' title='bbox 1578 786 1678 836; x_wconf 90' lang='lat' dir='ltr'><strong>sa.</strong></span> <span class='ocrx_word' id='word_1_12' title='bbox 1719 787 1857 838; x_wconf 87' lang='lat' dir='ltr'><strong>me.</strong></span> <span class='ocrx_word' id='word_1_13' title='bbox 1915 762 2025 838; x_wconf 91' lang='lat' dir='ltr'><strong>Pii</strong></span> <span class='ocrx_word' id='word_1_14' title='bbox 2095 762 2237 837; x_wconf 90' lang='grc' dir='ltr'><strong>ΡΡ.</strong></span> <span class='ocrx_word' id='word_1_15' title='bbox 2278 765 2436 840; x_wconf 85' lang='lat' dir='ltr'><strong>Vll.</strong></span> 
     </span>
     <span class='ocr_line' id='line_1_3' title="bbox 318 877 2440 982; baseline 0.003 -29"><span class='ocrx_word' id='word_1_16' title='bbox 318 883 485 954; x_wconf 84' lang='lat' dir='ltr'><strong>latis</strong></span> <span class='ocrx_word' id='word_1_17' title='bbox 549 903 734 957; x_wconf 89' lang='lat' dir='ltr'><strong>anno</strong></span> <span class='ocrx_word' id='word_1_18' title='bbox 786 877 1333 954; x_wconf 85' lang='lat' dir='ltr'><strong>MDcccxxm</strong></span> <span class='ocrx_word' id='word_1_19' title='bbox 1388 893 1639 975; x_wconf 86' lang='lat' dir='ltr'><strong>quarto</strong></span> <span class='ocrx_word' id='word_1_20' title='bbox 1695 878 1930 957; x_wconf 89' lang='lat' dir='ltr'><strong>Nonas</strong></span> <span class='ocrx_word' id='word_1_21' title='bbox 1985 882 2202 959; x_wconf 85' lang='lat' dir='ltr'><strong>Iulias</strong></span> <span class='ocrx_word' id='word_1_22' title='bbox 2257 909 2440 982; x_wconf 87' lang='lat' dir='ltr'><strong>quae</strong></span> 
     </span>
     <span class='ocr_line' id='line_1_4' title="bbox 320 993 2442 1102; baseline 0.003 -28"><span class='ocrx_word' id='word_1_23' title='bbox 320 1002 667 1094; x_wconf 84' lang='lat' dir='ltr'><strong>incipiunt</strong></span> <span class='ocrx_word' id='word_1_24' title='bbox 728 1024 763 1070; x_wconf 72' lang='lat' dir='ltr'><strong><em>a</em></strong></span> <span class='ocrx_word' id='word_1_25' title='bbox 825 997 1045 1072; x_wconf 81' lang='lat' dir='ltr'><strong>Decet</strong></span> <span class='ocrx_word' id='word_1_26' title='bbox 1084 993 1439 1076; x_wconf 80' lang='lat' dir='ltr'><strong>Romanos</strong></span> <span class='ocrx_word' id='word_1_27' title='bbox 1494 999 1876 1102; x_wconf 75' lang='lat' dir='ltr'><strong>Pontifices</strong></span> <span class='ocrx_word' id='word_1_28' title='bbox 1935 1025 1970 1072; x_wconf 67' lang='lat'><strong>2&gt;</strong></span> <span class='ocrx_word' id='word_1_29' title='bbox 2033 1007 2442 1080; x_wconf 84' lang='lat' dir='ltr'><strong>declaratio-</strong></span> 
     </span>
     <span class='ocr_line' id='line_1_5' title="bbox 320 1120 2440 1219; baseline 0.002 -25"><span class='ocrx_word' id='word_1_30' title='bbox 320 1142 481 1194; x_wconf 83' lang='lat' dir='ltr'><strong>nem</strong></span> <span class='ocrx_word' id='word_1_31' title='bbox 534 1141 747 1213; x_wconf 83' lang='lat' dir='ltr'><strong>super</strong></span> <span class='ocrx_word' id='word_1_32' title='bbox 802 1120 1049 1192; x_wconf 88' lang='lat' dir='ltr'><strong>iisdem</strong></span> <span class='ocrx_word' id='word_1_33' title='bbox 1105 1123 1464 1211; x_wconf 88' lang='lat' dir='ltr'><strong>postulare</strong></span> <span class='ocrx_word' id='word_1_34' title='bbox 1528 1124 1742 1196; x_wconf 87' lang='lat' dir='ltr'><strong>etiam</strong></span> <span class='ocrx_word' id='word_1_35' title='bbox 1813 1124 2440 1219; x_wconf 83' lang='lat' dir='ltr'><strong>obsequentissime</strong></span> 
     </span>
     <span class='ocr_line' id='line_1_6' title="bbox 319 1236 1791 1333; baseline 0.001 -21"><span class='ocrx_word' id='word_1_36' title='bbox 319 1241 510 1333; x_wconf 87' lang='lat' dir='ltr'><strong>apud</strong></span> <span class='ocrx_word' id='word_1_37' title='bbox 563 1237 1035 1314; x_wconf 80' lang='lat' dir='ltr'><strong>Sanctitatem</strong></span> <span class='ocrx_word' id='word_1_38' title='bbox 1091 1236 1306 1312; x_wconf 88' lang='lat' dir='ltr'><strong>Suam</strong></span> <span class='ocrx_word' id='word_1_39' title='bbox 1362 1243 1791 1316; x_wconf 86' lang='lat' dir='ltr'><strong>institerunt.</strong></span> 
     </span>
    </p>

    <p class='ocr_par' dir='ltr' id='par_1_2' title="bbox 320 1356 2448 1819">
     <span class='ocr_line' id='line_1_7' title="bbox 536 1356 2444 1470; baseline 0.004 -38"><span class='ocrx_word' id='word_1_40' title='bbox 536 1356 821 1449; x_wconf 86' lang='lat' dir='ltr'><strong>Quibus</strong></span> <span class='ocrx_word' id='word_1_41' title='bbox 877 1360 1191 1434; x_wconf 88' lang='lat' dir='ltr'><strong>omnibus</strong></span> <span class='ocrx_word' id='word_1_42' title='bbox 1242 1371 1525 1438; x_wconf 89' lang='lat' dir='ltr'><strong>maturo</strong></span> <span class='ocrx_word' id='word_1_43' title='bbox 1576 1362 1868 1436; x_wconf 87' lang='lat' dir='ltr'><strong>consilio</strong></span> <span class='ocrx_word' id='word_1_44' title='bbox 1924 1366 2311 1470; x_wconf 71' lang='lat' dir='ltr'><strong>perpensiS,</strong></span> <span class='ocrx_word' id='word_1_45' title='bbox 2357 1387 2444 1440; x_wconf 87' lang='lat' dir='ltr'><strong>ex</strong></span> 
     </span>
     <span class='ocr_line' id='line_1_8' title="bbox 320 1481 2446 1577; baseline 0.002 -23"><span class='ocrx_word' id='word_1_46' title='bbox 320 1492 515 1554; x_wconf 84' lang='lat' dir='ltr'><strong>certa</strong></span> <span class='ocrx_word' id='word_1_47' title='bbox 574 1483 896 1563; x_wconf 87' lang='lat' dir='ltr'><strong>scientia,</strong></span> <span class='ocrx_word' id='word_1_48' title='bbox 932 1494 1269 1577; x_wconf 88' lang='lat' dir='ltr'><strong>motuque</strong></span> <span class='ocrx_word' id='word_1_49' title='bbox 1304 1483 1527 1557; x_wconf 88' lang='lat' dir='ltr'><strong>veluti</strong></span> <span class='ocrx_word' id='word_1_50' title='bbox 1566 1486 1850 1577; x_wconf 88' lang='lat' dir='ltr'><strong>proprio</strong></span> <span class='ocrx_word' id='word_1_51' title='bbox 1885 1481 2216 1561; x_wconf 86' lang='lat' dir='ltr'><strong>Summus</strong></span> <span class='ocrx_word' id='word_1_52' title='bbox 2255 1482 2446 1560; x_wconf 88' lang='lat' dir='ltr'><strong>Pon-</strong></span> 
     </span>
     <span class='ocr_line' id='line_1_9' title="bbox 321 1601 2446 1700; baseline 0.003 -26"><span class='ocrx_word' id='word_1_53' title='bbox 321 1601 496 1674; x_wconf 81' lang='lat' dir='ltr'><strong>tifex</strong></span> <span class='ocrx_word' id='word_1_54' title='bbox 550 1602 847 1692; x_wconf 78' lang='lat' dir='ltr'><strong>benigno</strong></span> <span class='ocrx_word' id='word_1_55' title='bbox 903 1605 1145 1676; x_wconf 81' lang='lat' dir='ltr'><strong>favore</strong></span> <span class='ocrx_word' id='word_1_56' title='bbox 1208 1607 1539 1698; x_wconf 85' lang='lat' dir='ltr'><strong>prosequi</strong></span> <span class='ocrx_word' id='word_1_57' title='bbox 1593 1607 1846 1678; x_wconf 82' lang='lat' dir='ltr'><strong>volens</strong></span> <span class='ocrx_word' id='word_1_58' title='bbox 1883 1601 2188 1700; x_wconf 81' lang='lat' dir='ltr'><strong>Capituli</strong></span> <span class='ocrx_word' id='word_1_59' title='bbox 2223 1603 2446 1681; x_wconf 85' lang='lat' dir='ltr'><strong>Baro-</strong></span> 
     </span>
     <span class='ocr_line' id='line_1_10' title="bbox 321 1721 2448 1819; baseline 0.003 -26"><span class='ocrx_word' id='word_1_60' title='bbox 321 1723 534 1796; x_wconf 89' lang='lat' dir='ltr'><strong>lensis</strong></span> <span class='ocrx_word' id='word_1_61' title='bbox 590 1723 963 1813; x_wconf 74' lang='lat' dir='ltr'><strong>petitiones</strong></span> <span class='ocrx_word' id='word_1_62' title='bbox 1018 1725 1108 1796; x_wconf 87' lang='lat' dir='ltr'><strong>de</strong></span> <span class='ocrx_word' id='word_1_63' title='bbox 1147 1721 1337 1798; x_wconf 83' lang='lat' dir='ltr'><strong>Suae</strong></span> <span class='ocrx_word' id='word_1_64' title='bbox 1374 1721 1820 1819; x_wconf 86' lang='lat' dir='ltr'><strong>Apostolicae</strong></span> <span class='ocrx_word' id='word_1_65' title='bbox 1874 1728 2240 1817; x_wconf 88' lang='lat' dir='ltr'><strong>potestatis</strong></span> <span class='ocrx_word' id='word_1_66' title='bbox 2294 1727 2448 1819; x_wconf 91' lang='lat' dir='ltr'><strong>ple-</strong></span> 
     </span>
    </p>
   </div>
   <div class='ocr_carea' id='block_1_2' title="bbox 322 1841 2440 2054">
    <p class='ocr_par' dir='ltr' id='par_1_3' title="bbox 322 1841 2440 2054">
     <span class='ocr_line' id='line_1_11' title="bbox 322 1841 2440 1939; baseline 0.003 -27"><span class='ocrx_word' id='word_1_67' title='bbox 322 1841 645 1914; x_wconf 88' lang='lat' dir='ltr'><strong>nitudine</strong></span> <span class='ocrx_word' id='word_1_68' title='bbox 700 1843 905 1928; x_wconf 85' lang='lat' dir='ltr'><strong>haec,</strong></span> <span class='ocrx_word' id='word_1_69' title='bbox 944 1865 1123 1937; x_wconf 86' lang='lat' dir='ltr'><strong>quae</strong></span> <span class='ocrx_word' id='word_1_70' title='bbox 1182 1855 1577 1939; x_wconf 88' lang='lat' dir='ltr'><strong>sequuntur</strong></span> <span class='ocrx_word' id='word_1_71' title='bbox 1630 1847 1704 1916; x_wconf 89' lang='lat' dir='ltr'><strong>in</strong></span> <span class='ocrx_word' id='word_1_72' title='bbox 1741 1842 2060 1920; x_wconf 79' lang='lat' dir='ltr'><strong>Decretis</strong></span> <span class='ocrx_word' id='word_1_73' title='bbox 2110 1847 2440 1919; x_wconf 84' lang='lat' dir='ltr'><strong>mandare</strong></span> 
     </span>
     <span class='ocr_line' id='line_1_12' title="bbox 322 1963 706 2054; baseline 0.013 -25"><span class='ocrx_word' id='word_1_74' title='bbox 322 1963 706 2054; x_wconf 85' lang='lat' dir='ltr'><strong>praecepit.</strong></span> 
     </span>
    </p>
   </div>
   <div class='ocr_carea' id='block_1_3' title="bbox 1364 2199 1397 2273">
    <p class='ocr_par' dir='ltr' id='par_1_4' title="bbox 1364 2199 1397 2273">
     <span class='ocr_line' id='line_1_13' title="bbox 1364 2199 1397 2273; baseline 0 0"><span class='ocrx_word' id='word_1_75' title='bbox 1364 2199 1397 2273; x_wconf 93' lang='lat'><strong>1</strong></span> 
     </span>
    </p>
   </div>
   <div class='ocr_carea' id='block_1_4' title="bbox 320 2436 2444 3141">
    <p class='ocr_par' dir='ltr' id='par_1_5' title="bbox 320 2436 2444 3141">
     <span class='ocr_line' id='line_1_14' title="bbox 538 2436 2442 2538; baseline 0.001 -26"><span class='ocrx_word' id='word_1_76' title='bbox 538 2436 969 2533; x_wconf 84' lang='lat' dir='ltr'><strong>Apostolicis</strong></span> <span class='ocrx_word' id='word_1_77' title='bbox 1036 2436 1327 2513; x_wconf 83' lang='lat' dir='ltr'><strong>Litteris</strong></span> <span class='ocrx_word' id='word_1_78' title='bbox 1390 2463 1603 2535; x_wconf 86' lang='lat' dir='ltr'><strong>supra</strong></span> <span class='ocrx_word' id='word_1_79' title='bbox 1679 2441 1920 2516; x_wconf 88' lang='lat' dir='ltr'><strong>relatis</strong></span> <span class='ocrx_word' id='word_1_80' title='bbox 1995 2461 2181 2538; x_wconf 86' lang='lat' dir='ltr'><strong>quae</strong></span> <span class='ocrx_word' id='word_1_81' title='bbox 2255 2443 2442 2517; x_wconf 90' lang='lat' dir='ltr'><strong>inci·-</strong></span> 
     </span>
     <span class='ocr_line' id='line_1_15' title="bbox 323 2556 2440 2661; baseline 0.003 -29"><span class='ocrx_word' id='word_1_82' title='bbox 323 2563 585 2653; x_wconf 82' lang='lat' dir='ltr'><strong>piunt3</strong></span> <span class='ocrx_word' id='word_1_83' title='bbox 648 2585 681 2630; x_wconf 86' lang='lat'>«</span> <span class='ocrx_word' id='word_1_84' title='bbox 748 2556 1359 2660; x_wconf 68' lang='lat' dir='ltr'><strong>Impar-scrutabili</strong></span> <span class='ocrx_word' id='word_1_85' title='bbox 1414 2559 1552 2636; x_wconf 74' lang='lat' dir='ltr'><strong>Dei</strong></span> <span class='ocrx_word' id='word_1_86' title='bbox 1596 2559 1866 2661; x_wconf 81' lang='lat' dir='ltr'><strong>Optimi</strong></span> <span class='ocrx_word' id='word_1_87' title='bbox 1912 2559 2214 2639; x_wconf 73' lang='lat' dir='ltr'><strong>Maximi</strong></span> <span class='ocrx_word' id='word_1_88' title='bbox 2267 2585 2440 2639; x_wconf 82' lang='lat' dir='ltr'><strong>con-</strong></span> 
     </span>
     <span class='ocr_line' id='line_1_16' title="bbox 320 2680 2444 2780; baseline 0.001 -26"><span class='ocrx_word' id='word_1_89' title='bbox 320 2680 479 2754; x_wconf 80' lang='lat' dir='ltr'><strong>silio</strong></span> <span class='ocrx_word' id='word_1_90' title='bbox 524 2693 660 2755; x_wconf 90' lang='lat' dir='ltr'><strong>etc.</strong></span> <span class='ocrx_word' id='word_1_91' title='bbox 728 2706 763 2752; x_wconf 70' lang='lat' dir='ltr'><strong>n</strong></span> <span class='ocrx_word' id='word_1_92' title='bbox 826 2683 901 2755; x_wconf 90' lang='lat' dir='ltr'><strong>in</strong></span> <span class='ocrx_word' id='word_1_93' title='bbox 956 2706 1039 2756; x_wconf 88' lang='lat' dir='ltr'><strong>ea</strong></span> <span class='ocrx_word' id='word_1_94' title='bbox 1096 2697 1296 2776; x_wconf 88' lang='lat' dir='ltr'><strong>parte</strong></span> <span class='ocrx_word' id='word_1_95' title='bbox 1334 2686 1750 2776; x_wconf 77' lang='lat' dir='ltr'><strong>derogatum</strong></span> <span class='ocrx_word' id='word_1_96' title='bbox 1791 2696 1970 2773; x_wconf 90' lang='lat' dir='ltr'><strong>esto,</strong></span> <span class='ocrx_word' id='word_1_97' title='bbox 1999 2685 2075 2758; x_wconf 89' lang='lat' dir='ltr'><strong>in</strong></span> <span class='ocrx_word' id='word_1_98' title='bbox 2112 2704 2248 2780; x_wconf 86' lang='lat' dir='ltr'><strong>qua</strong></span> <span class='ocrx_word' id='word_1_99' title='bbox 2303 2696 2444 2759; x_wconf 88' lang='lat' dir='ltr'><strong>sta-</strong></span> 
     </span>
     <span class='ocr_line' id='line_1_17' title="bbox 326 2802 2444 2903; baseline 0.001 -29"><span class='ocrx_word' id='word_1_100' title='bbox 326 2813 559 2903; x_wconf 85' lang='lat' dir='ltr'><strong>tutum</strong></span> <span class='ocrx_word' id='word_1_101' title='bbox 614 2802 842 2875; x_wconf 78' lang='lat' dir='ltr'><strong>fuerat</strong></span> <span class='ocrx_word' id='word_1_102' title='bbox 897 2804 981 2877; x_wconf 89' lang='lat' dir='ltr'><strong>de</strong></span> <span class='ocrx_word' id='word_1_103' title='bbox 1036 2804 1516 2891; x_wconf 85' lang='lat' dir='ltr'><strong>solutionibus,</strong></span> <span class='ocrx_word' id='word_1_104' title='bbox 1554 2806 1780 2899; x_wconf 83' lang='lat' dir='ltr'><strong>deque</strong></span> <span class='ocrx_word' id='word_1_105' title='bbox 1833 2807 2226 2900; x_wconf 87' lang='lat' dir='ltr'><strong>multiplico</strong></span> <span class='ocrx_word' id='word_1_106' title='bbox 2281 2826 2444 2901; x_wconf 89' lang='lat' dir='ltr'><strong>per-</strong></span> 
     </span>
     <span class='ocr_line' id='line_1_18' title="bbox 324 2922 2444 3017; baseline 0.003 -24"><span class='ocrx_word' id='word_1_107' title='bbox 324 2922 607 3013; x_wconf 79' lang='lat' dir='ltr'><strong>agendis</strong></span> <span class='ocrx_word' id='word_1_108' title='bbox 659 2942 747 2995; x_wconf 84' lang='lat' dir='ltr'><strong>ex</strong></span> <span class='ocrx_word' id='word_1_109' title='bbox 806 2924 1151 2997; x_wconf 78' lang='lat' dir='ltr'><strong>fructibus</strong></span> <span class='ocrx_word' id='word_1_110' title='bbox 1188 2935 1491 3017; x_wconf 83' lang='lat' dir='ltr'><strong>quatuor</strong></span> <span class='ocrx_word' id='word_1_111' title='bbox 1520 2922 2086 2999; x_wconf 75' lang='lat' dir='ltr'><strong>canonicatuum</strong></span> <span class='ocrx_word' id='word_1_112' title='bbox 2127 2926 2269 2999; x_wconf 90' lang='lat' dir='ltr'><strong>iam</strong></span> <span class='ocrx_word' id='word_1_113' title='bbox 2323 2948 2444 2999; x_wconf 90' lang='lat' dir='ltr'><strong>su·</strong></span> 
     </span>
     <span class='ocr_line' id='line_1_19' title="bbox 325 3040 2441 3141; baseline 0.002 -28"><span class='ocrx_word' id='word_1_114' title='bbox 325 3062 743 3133; x_wconf 88' lang='lat' dir='ltr'><strong>spensorum</strong></span> <span class='ocrx_word' id='word_1_115' title='bbox 800 3045 875 3114; x_wconf 92' lang='lat' dir='ltr'><strong>in</strong></span> <span class='ocrx_word' id='word_1_116' title='bbox 915 3040 1323 3117; x_wconf 85' lang='lat' dir='ltr'><strong>Cathedrali</strong></span> <span class='ocrx_word' id='word_1_117' title='bbox 1362 3040 1752 3129; x_wconf 84' lang='lat' dir='ltr'><strong>Barolensi,</strong></span> <span class='ocrx_word' id='word_1_118' title='bbox 1789 3067 2017 3141; x_wconf 88' lang='lat' dir='ltr'><strong>usque</strong></span> <span class='ocrx_word' id='word_1_119' title='bbox 2053 3047 2215 3121; x_wconf 83' lang='lat' dir='ltr'><strong>dum</strong></span> <span class='ocrx_word' id='word_1_120' title='bbox 2253 3045 2441 3120; x_wconf 88' lang='lat' dir='ltr'><strong>illius</strong></span> 
     </span>
    </p>
   </div>
   <div class='ocr_carea' id='block_1_5' title="bbox 322 3158 2441 3377">
    <p class='ocr_par' dir='ltr' id='par_1_6' title="bbox 322 3158 2441 3377">
     <span class='ocr_line' id='line_1_20' title="bbox 322 3158 2441 3257; baseline 0 -20"><span class='ocrx_word' id='word_1_121' title='bbox 322 3158 657 3255; x_wconf 89' lang='lat' dir='ltr'><strong>Capitulo</strong></span> <span class='ocrx_word' id='word_1_122' title='bbox 712 3184 937 3257; x_wconf 85' lang='lat' dir='ltr'><strong>aequa</strong></span> <span class='ocrx_word' id='word_1_123' title='bbox 992 3164 1114 3236; x_wconf 88' lang='lat' dir='ltr'><strong>fiat</strong></span> <span class='ocrx_word' id='word_1_124' title='bbox 1170 3186 1299 3256; x_wconf 90' lang='lat' dir='ltr'><strong>per</strong></span> <span class='ocrx_word' id='word_1_125' title='bbox 1336 3161 1774 3239; x_wconf 90' lang='lat' dir='ltr'><strong>Gubernium</strong></span> <span class='ocrx_word' id='word_1_126' title='bbox 1811 3166 1900 3239; x_wconf 86' lang='lat' dir='ltr'><strong>de</strong></span> <span class='ocrx_word' id='word_1_127' title='bbox 1936 3167 2203 3239; x_wconf 85' lang='lat' dir='ltr'><strong>eisdem</strong></span> <span class='ocrx_word' id='word_1_128' title='bbox 2247 3186 2441 3239; x_wconf 87' lang='lat' dir='ltr'><strong>com-</strong></span> 
     </span>
     <span class='ocr_line' id='line_1_21' title="bbox 322 3285 1283 3377; baseline 0 -23"><span class='ocrx_word' id='word_1_129' title='bbox 322 3285 675 3376; x_wconf 88' lang='lat' dir='ltr'><strong>pensatio,</strong></span> <span class='ocrx_word' id='word_1_130' title='bbox 734 3293 947 3377; x_wconf 89' lang='lat' dir='ltr'><strong>atque</strong></span> <span class='ocrx_word' id='word_1_131' title='bbox 1002 3286 1283 3357; x_wconf 88' lang='lat' dir='ltr'><strong>solutio.</strong></span> 
     </span>
    </p>
   </div>
   <div class='ocr_carea' id='block_1_6' title="bbox 1350 3518 1415 3593">
    <p class='ocr_par' dir='ltr' id='par_1_7' title="bbox 1350 3518 1415 3593">
     <span class='ocr_line' id='line_1_22' title="bbox 1350 3518 1415 3593; baseline -0.015 0"><span class='ocrx_word' id='word_1_132' title='bbox 1350 3518 1415 3593; x_wconf 91' lang='lat'><strong>11</strong></span> 
     </span>
    </p>
   </div>
   <div class='ocr_carea' id='block_1_7' title="bbox 320 3758 2446 4341">
    <p class='ocr_par' dir='ltr' id='par_1_8' title="bbox 320 3758 2446 4341">
     <span class='ocr_line' id='line_1_23' title="bbox 536 3758 2442 3855; baseline 0.002 -22"><span class='ocrx_word' id='word_1_133' title='bbox 536 3760 859 3855; x_wconf 85' lang='lat' dir='ltr'><strong>Insuper,</strong></span> <span class='ocrx_word' id='word_1_134' title='bbox 916 3758 1303 3834; x_wconf 81' lang='lat' dir='ltr'><strong>Sanctitate</strong></span> <span class='ocrx_word' id='word_1_135' title='bbox 1355 3758 1495 3837; x_wconf 84' lang='lat' dir='ltr'><strong>Sua</strong></span> <span class='ocrx_word' id='word_1_136' title='bbox 1552 3773 1996 3849; x_wconf 83' lang='lat' dir='ltr'><strong>auctorante,</strong></span> <span class='ocrx_word' id='word_1_137' title='bbox 2057 3762 2442 3837; x_wconf 88' lang='lat' dir='ltr'><strong>solutiones</strong></span> 
     </span>
     <span class='ocr_line' id='line_1_24' title="bbox 321 3882 2438 3977; baseline -0 -19"><span class='ocrx_word' id='word_1_138' title='bbox 321 3904 596 3971; x_wconf 79' lang='lat' dir='ltr'><strong>omneS,</strong></span> <span class='ocrx_word' id='word_1_139' title='bbox 648 3894 721 3957; x_wconf 89' lang='lat' dir='ltr'><strong>et</strong></span> <span class='ocrx_word' id='word_1_140' title='bbox 775 3882 1235 3976; x_wconf 84' lang='lat' dir='ltr'><strong>multiplicum</strong></span> <span class='ocrx_word' id='word_1_141' title='bbox 1290 3883 1475 3975; x_wconf 88' lang='lat' dir='ltr'><strong>quod</strong></span> <span class='ocrx_word' id='word_1_142' title='bbox 1534 3882 1687 3956; x_wconf 88' lang='lat' dir='ltr'><strong>fieri</strong></span> <span class='ocrx_word' id='word_1_143' title='bbox 1739 3905 1960 3977; x_wconf 89' lang='lat' dir='ltr'><strong>usque</strong></span> <span class='ocrx_word' id='word_1_144' title='bbox 2025 3883 2254 3955; x_wconf 89' lang='lat' dir='ltr'><strong>adhuc</strong></span> <span class='ocrx_word' id='word_1_145' title='bbox 2309 3885 2438 3957; x_wconf 88' lang='lat' dir='ltr'><strong>de-</strong></span> 
     </span>
     <span class='ocr_line' id='line_1_25' title="bbox 324 3997 2440 4097; baseline 0 -21"><span class='ocrx_word' id='word_1_146' title='bbox 324 4005 581 4079; x_wconf 87' lang='lat' dir='ltr'><strong>buerat</strong></span> <span class='ocrx_word' id='word_1_147' title='bbox 639 4004 727 4075; x_wconf 88' lang='lat' dir='ltr'><strong>ab</strong></span> <span class='ocrx_word' id='word_1_148' title='bbox 784 4005 1145 4075; x_wconf 84' lang='lat' dir='ltr'><strong>erectione</strong></span> <span class='ocrx_word' id='word_1_149' title='bbox 1182 3998 1625 4080; x_wconf 83' lang='lat' dir='ltr'><strong>Cathedralis</strong></span> <span class='ocrx_word' id='word_1_150' title='bbox 1662 3997 2440 4097; x_wconf 81' lang='lat' dir='ltr'><strong>Barolensis,·quaeque</strong></span> 
     </span>
     <span class='ocr_line' id='line_1_26' title="bbox 322 4122 2446 4219; baseline -0.001 -20"><span class='ocrx_word' id='word_1_151' title='bbox 322 4126 862 4219; x_wconf 81' lang='lat' dir='ltr'><strong>comperiuntur</strong></span> <span class='ocrx_word' id='word_1_152' title='bbox 916 4124 1227 4197; x_wconf 87' lang='lat' dir='ltr'><strong>nondum</strong></span> <span class='ocrx_word' id='word_1_153' title='bbox 1283 4136 1635 4216; x_wconf 86' lang='lat' dir='ltr'><strong>per-actae,</strong></span> <span class='ocrx_word' id='word_1_154' title='bbox 1662 4122 2182 4216; x_wconf 76' lang='lat' dir='ltr'><strong>benignissime·</strong></span> <span class='ocrx_word' id='word_1_155' title='bbox 2201 4124 2446 4197; x_wconf 78' lang='lat' dir='ltr'><strong>eidem·</strong></span> 
     </span>
     <span class='ocr_line' id='line_1_27' title="bbox 320 4242 2050 4341; baseline -0.003 -22"><span class='ocrx_word' id='word_1_156' title='bbox 320 4242 645 4341; x_wconf 87' lang='lat' dir='ltr'><strong>Capitulo</strong></span> <span class='ocrx_word' id='word_1_157' title='bbox 700 4246 1065 4331; x_wconf 86' lang='lat' dir='ltr'><strong>remissae,</strong></span> <span class='ocrx_word' id='word_1_158' title='bbox 1124 4256 1336 4339; x_wconf 84' lang='lat' dir='ltr'><strong>atque</strong></span> <span class='ocrx_word' id='word_1_159' title='bbox 1391 4246 1756 4319; x_wconf 86' lang='lat' dir='ltr'><strong>absolutae</strong></span> <span class='ocrx_word' id='word_1_160' title='bbox 1813 4254 2050 4319; x_wconf 87' lang='lat' dir='ltr'><strong>sunto.</strong></span> 
     </span>
    </p>
   </div>
  </div>
 </body>
</html>
