3292 5275
333 607 492 684 dius
529 630 604 682 se
645 607 1022 702 prodiderit
1075 593 1306 703 quam
1337 595 1464 702 per
1521 597 1905 701 praeterita
1964 612 2275 684 saecula.
2311 608 2456 685 lmo

333 731 620 824 contigit
675 730 882 802 etiam
914 777 936 816 ,
995 740 1073 804 ut
1127 750 1268 801 non
1325 729 1526 822 pauci
1583 751 1667 802 ex
1722 731 2160 802 heterodoxis
2234 732 2455 804 illecti

332 850 702 923 nobilitate
758 851 1138 942 spectaculi
1191 862 1266 921 et
1319 850 1661 922 iniustam
1740 850 2085 940 indignati
2152 847 2297 924 vim
2352 853 2459 922 le·-

331 971 944 1064 gum,quas'sibi·
973 987 1250 1062 quoquc
1303 969 1570 1042 futuras
1627 993 1795 1042 esse·
1842 969 2143 1042 infensas
2194 973 2463 1065 perspi·

331 1092 644 1174 ciebant,
684 1089 836 1162 iura
899 1089 1402 1164 catholicorum
1456 1101 1530 1162 et
1586 1091 1879 1164 huiusce
1920 1086 2217 1182 Sanctae
2257 1089 2457 1165 Sedis

333 1211 710 1284 defendere
749 1209 1134 1302 coeperint,
1175 1233 1257 1282 ac
1299 1212 1372 1280 in
1413 1213 1897 1284 sanctissimae
1937 1213 2292 1304 religionis
2331 1234 2423 1286 no

334 1343 523 1404 strae
559 1333 945 1404 doctrinam
977 1331 1244 1404 animos
1283 1327 1819 1403 inclinaverint.
1852 1327 2311 1406 Gratulamur
2348 1333 2462 1404 id-

335 1455 526 1526 eirco
580 1453 810 1536 vobis,
839 1447 1100 1524 Dilecti
1129 1447 1315 1536 Filii,
1359 1451 1478 1546 qui
1525 1453 1874 1544 perplexis
1915 1453 2071 1525 istis
2112 1455 2186 1526 in
2228 1475 2459 1528 rerum

333 1575 676 1646 adiunctis
731 1573 1196 1644 constantiam
1253 1574 1556 1645 aliorum
1607 1573 2114 1646 catholicorum
2153 1577 2462 1648 aemula-

334 1696 536 1780 mini,
567 1694 899 1766 nec·sine
957 1694 1292 1784 peculiari
1353 1694 1600 1778 laude,
1660 1714 1816 1765 cum
1876 1695 2197 1785 regiones
2262 1696 2465 1768 inco-

335 1816 496 1888 latis
553 1817 846 1886 infestae
888 1809 1332 1889 Massonicao
1383 1813 1651 1889 arboris
1710 1812 1919 1899 ramis
1983 1816 2460 1888 miserandum

333 1935 406 2006 in
459 1935 736 2008 modum
793 1920 1199 2028 occupatas}
1256 1915 1578 2006 Perstate
1639 1933 1712 2005 in
1769 1937 2131 2029 proposito
2196 1949 2463 2026 vestm,

335 2067 568 2130 tenete
629 2057 992 2130 indubiam
1047 2052 1411 2128 Ecclesiae
1471 2053 1841 2128 victoriam
1898 2057 2113 2129 fuisse
2168 2057 2467 2149 promis-

336 2201 510 2266 sam,
549 2181 864 2272 adeoque,
896 2187 1326 2252 venenatam
1377 2177 1711 2272 arbo-rem
1771 2177 1839 2246 ei
1897 2189 2266 2250 nocentem
2304 2201 2461 2254 esse

333 2299 844 2373 succidendam.
879 2293 1192 2388 Accipite
1232 2296 1444 2390 igitur
1483 2308 1911 2368 armaturam
1954 2295 2138 2383 fidei,
2173 2299 2465 2371 distrin-

335 2421 475 2514 gite
531 2421 838 2511 gladium
880 2417 1202 2510 spiritu3‚
1262 2415 1446 2510 quod
1501 2429 1608 2488 est
1665 2417 1953 2490 verbum
1990 2413 2146 2503 Dei,
2214 2431 2462 2493 cavete

337 2542 423 2616 ab
479 2540 744 2614 insidiis
815 2539 1125 2624 diaboli,
1175 2559 1254 2610 ac
1308 2537 1603 2609 viriliter
1661 2550 1973 2631 pugnate
2028 2551 2272 2613 contra
2329 2542 2467 2634 spi-

337 2662 618 2735 ritualia
683 2661 1097 2754 nequitiae:
1153 2657 1356 2732 simul
1430 2668 1668 2731 autem
1742 2659 2044 2749 vigilate
2120 2663 2199 2733 in
2273 2663 2464 2737 omni

337 2782 668 2855 instantia
703 2792 776 2853 et
813 2779 1300 2853 obsecratione
1327 2799 1452 2871 pro
1490 2778 1817 2851 omuibus
1850 2782 2123 2857 sanetis
2148 2800 2272 2872 per
2310 2794 2467 2857 ora-‘-

339 2908 602 2977 tionem
657 2903 850 2975 omni
905 2912 1222 2991 tempore
1276 2899 1346 2969 in
1403 2880 1684 2993 spiritu.
1732 2895 1874 2971 Nos
1922 2901 2153 2973 omnia
2202 2904 2463 2975 auxilia

337 3024 669 3097 coelestia
751 3020 952 3093 vobis
1007 3019 1500 3111 adprecamur,
1547 3028 2159 3113 supernorumque
2220 3042 2465 3095 mune-

337 3162 494 3217 rum
548 3142 906 3235 auspicem
961 3152 1030 3210 et
1065 3142 1394 3231 'paternae
1460 3150 1739 3212 nostrae
1778 3140 2317 3216 benevolentiae
2358 3144 2467 3235 pi-

337 3264 510 3359 gnus
565 3260 1037 3355 Apostolicam
1090 3258 1658 3335 Benedictionom
1724 3260 1958 3345 vobis,
2000 3258 2261 3337 Dilecti
2301 3258 2463 3336 Filii

339 3394 787 3479 peramanter
840 3383 1346 3477 impertimus.

557 3501 816 3579 Datum
847 3500 1108 3577 Romae
1139 3504 1324 3599 apud
1351 3498 1426 3575 S.
1447 3499 1733 3575 Petrum
1730 3403 1872 3575 die
1908 3494 2009 3577 14
2034 3500 2191 3578 lulii
2223 3494 2461 3579 1873.

337 3622 794 3699 Pontificatus
848 3622 1092 3699 Nostri
1145 3620 1353 3697 Anno
1406 3618 2005 3699 Vicesimomavo.

1113 3860 1322 3939 Plvs
1373 3858 1529 3936 PP.
1575 3858 1705 3936 IX.

1898 4468 2039 4553 15·
