3292 5275
276 675 385 746 bus
435 675 652 747 etiam
711 674 1124 766 iteratisque
1177 669 1659 765 supremorum
1700 669 2107 768 Principum
2166 684 2377 768 spo'n-

271 797 580 879 sionibuS,
621 795 1066 886 publicisque
1125 795 1340 886 pactis
1397 797 1767 868 conventis
1824 807 2097 866 asserta
2137 799 2378 872 fuerat

266 919 640 990 necessaria
695 926 767 988 et
825 915 1026 1007 plena
1084 915 1442 1005 religionis
1517 917 1815 987 libertas
1852 965 1873 999 ,
1934 937 2121 990 nunc
2176 921 2380 1012 luget

266 1036 325 1108 in
373 1039 458 1108 iis
509 1037 682 1110 locis
739 1037 920 1108 omni
981 1055 1104 1108 suo
1161 1038 1459 1128 spoliata
1521 1037 1711 1119 iure,
1774 1047 1851 1108 et
1918 1015 2199 1110 infestis
2256 1041 2382 1113 oh*

267 1157 448 1230 noxia
485 1157 755 1230 viribus
795 1177 974 1266 quae
1013 1169 1394 1230 extremum
1435 1157 1535 1228 illi
1575 1158 1927 1230 minantur
1972 1158 2373 1232 excidium*
2345 1214 2370 1251 ,

268 1257 478 1352 novae
543 1278 730 1350 enim
801 1279 984 1370 leges
1036 1295 1124 1348 eo
1192 1275 1577 1368 pertinent,
1637 1299 1727 1348 ne
1784 1279 2083 1370 amplius
2158 1283 2382 1373 possit

265 1399 580 1472 existere.
639 1393 749 1469 Nil
807 1399 1061 1469 mirum
1117 1397 1335 1487 igitur
1385 1398 1569 1490 quod
1629 1395 1956 1488 religiosa
2039 1405 2384 1493 tranquil·

266 1521 409 1592 litas
464 1519 755 1613 pristina
811 1514 1122 1611 graviter
1176 1537 1262 1588 co
1319 1517 1388 1587 in
1431 1515 1733 1608 lmpcrio
1770 1519 2169 1609 perturbata
2231 1522 2389 1595 lue-

263 1643 346 1712 rit
380 1641 467 1712 ab
505 1637 910 1712 huiusmodi·
958 1637 1228 1730 legibus
1287 1635 1579 1730 aliisque
1617 1633 1985 1712 Borussici
2034 1637 2385 1714 Gubernii

267 1759 566 1834 consiliis
619 1770 690 1830 et
745 1758 1022 1830 actibus
1079 1754 1435 1830 Ecclesiae
1493 1756 2015 1830 infensissimis,
2081 1757 2173 1832 Αῑ
2229 1783 2391 1856 pcr-

266 1881 673 1954 turbationis
729 1858 934 1950 huius
975 1881 1254 1971 cuipam
1293 1899 1655 1972 perperam
1694 1884 1981 1952 omnino
2042 1881 2386 1956 coniiccre

263 2003 414 2096 quis
470 2001 690 2074 vellet
727 1999 797 2071 in
851 1995 1253 2071 Germanici
1295 1997 1576 2089 Imperii
1616 1995 2040 2073 Catholicos.
2086 1997 2254 2074 Nam
2312 2011 2385 2083 si

261 2123 406 2196 istis
479 2121 662 2196 vitio
741 2122 1161 2194 vertendum
1237 2133 1395 2207 est,
1451 2121 1638 2214 quod
1704 2123 1972 2216 legibus
2038 2123 2175 2195 illis
2222 2145 2379 2226 ‘non

261 2241 755 2338 acquiescant,
821 2241 1079 2336 quibus
1143 2241 1337 2316 salva
1413 2243 1848 2314 conscientia
1936 2245 2387 2337 acquiescere

257 2374 637 2457 nequeunt,
677 2363 829 2456 pari
868 2363 954 2434 de
992 2383 1204 2434 causa
1241 2363 1536 2456 parique
1577 2364 1781 2435 modo
1825 2366 2104 2436 taxandi
2152 2383 2394 2448 essent

259 2482 416 2558 lesu
469 2480 734 2556 Christi
793 2479 1111 2576 Apostoli
1179 2493 1252 2554 et
1316 2478 1663 2576 Martyres
1740 2485 1861 2578 qui
1946 2483 2389 2561 atrocissima

257 2605 576 2700 quaeque
634 2604 976 2698 supplicia
1029 2614 1102 2675 et
1157 2608 1454 2675 mo'rtem
1515 2604 1742 2698 ipsam
1800 2601 2035 2677 subire
2122 2607 2395 2683 malue-

257 2734 445 2811 runt,
499 2746 714 2819 quam
773 2726 1134 2817 proprium
1191 2725 1486 2817 prodere
1527 2722 1829 2797 officium
1882 2729 2397 2803 sanctissimae·

255 2831 398 2943 que
452 2868 620 2919 suae
677 2844 1024 2939 religionis
1083 2845 1237 2917 iura
1293 2844 1582 2926 violare,
1639 2846 1871 2937 impiis
1937 2850 2393 2944 obsequendo

257 2978 846 3061 persequutorum
903 2948 1312 3057 Principum
1373 2964 1748 3038 mandatis.
1809 2962 2011 3054 Sane,
2082 2964 2399 3042 Venera-

249 3086 434 3159 biles
489 3084 772 3159 Fratres
807 3130 828 3172 ,
888 3087 945 3155 si
1003 3096 1285 3177 praeter
1338 3088 1526 3179 leges
1579 3082 1813 3161 civilis
1878 3088 2147 3180 imperii
2202 3086 2395 3191 ‘aliae

249 3210 494 3281 nullae
551 3214 900 3291 extarent,
941 3217 1014 3279 et
1050 3206 1180 3279 hae
1242 3207 1524 3299 quidem
1589 3206 2021 3279 sublimioris
2096 3206 2390 3293 ordinis‘,

247 3348 430 3423 quas
487 3348 859 3422 agnoscere
917 3336 1219 3419 oportet,
1275 3328 1541 3398 violare
1596 3325 1787 3399 nefas
1812 3348 1838 3416 3
1896 3326 1951 3399 si
2014 3340 2396 3422 propterea

254 3430 510 3522 civiles
564 3450 852 3523 eaedem
907 3448 1086 3542 leges
1141 3465 1546 3541 supremam
1622 3449 2141 3522 constituerent
2186 3454 2398 3524 ‘con-

253 3571 608 3644 scientiae
647 3590 980 3654 normam,
1019 3570 1206 3643 sicut
1263 3568 1477 3661 impie
1531 3568 1737 3642 iuxta
1774 3582 1845 3640 et
1884 3568 2189 3644 absurde
2238 3567 2399 3666 qui-

255 3692 434 3765 dam
489 3694 952 3779 contendunt,
991 3690 1533 3784 reprehensione
1571 3692 1807 3783 potius
1862 3712 2080 3786 quam
2133 3690 2398 3768 honore

251 3824 340 3886 et
401 3816 612 3888 laude
649 3812 840 3907 digni
880 3814 1106 3888 forent
1144 3814 1489 3907 primaevi
1523 3812 1871 3907 ’martyres
1911 3824 1983 3884 et
2021 3816 2139 3909 qui
2188 3818 2399 3889 dein-

267 3956 452 4029 ceps
505 3958 629 4009 eos
687 3936 959 4031 sequuti
1017 3944 1177 4007 sunt
1233 3936 1401 4007 dum
1454 3955 1584 4027 pro
1635 3930 1901 4007 Christi
1960 3934 2095 4009 fide
2152 3948 2223 4008 et
2259 3928 2401 4009 Ec-

255 4058 538 4131 clesiae
595 4057 920 4131 libertate
985 4057 1390 4151 sanguinem
1461 4057 1789 4129 fuderunt
1817 4078 1843 4145 3
1898 4055 2031 4130 imo
2088 4076 2259 4132 vero
2315 4078 2403 4131 ne

241 4178 585 4251 licuisset
645 4180 927 4273 quidem
983 4178 1425 4253 obstantibus
1473 4177 1743 4273 legibus
1780 4178 2166 4273 invitisque
2203 4180 2407 4275 prin-

267 4299 570 4392 cipibus
626 4299 1080 4373 christianam
1122 4298 1390 4371 tradere
1429 4308 1500 4374 et
1537 4320 1922 4394 propagare
1964 4301 2399 4394 religionem,

237 4415 800 4519 Ecclesiamque
839 4426 1170 4499 fundare.
1205 4418 1415 4499 Fides
1451 4434 1690 4499 tamen
1742 4415 1975 4515 d'oc‘et,
2032 4431 2105 4496 et
2148 4422 2404 4499 huma·-
