3292 5275
2295 506 2454 593 363
2499 596 2510 607 ‚

321 672 397 725 se
454 652 811 735 novimus,
859 632 1457 745 'quemadmodum
1518 651 1736 723 verba
1797 650 1915 722 illa
1969 654 2280 723 referens
2333 651 2454 722 do-

318 775 667 845 ctissimus
726 794 803 844 ac
861 771 1219 864 piissimus
1275 764 1405 843 Dei
1460 785 1716 847 servus
1797 766 2062 844 Beatus
2121 768 2452 863 losephus

320 890 538 967 Maria
600 890 1019 967 Thomasius
1073 889 1469 965 Cardinalis
1552 892 2071 966 animadvertit.
2152 918 2185 962 a
2221 872 2448 977 Hane,

329 1034 363 1083 »
412 1011 666 1108 inquit,
726 1017 1111 1107 plenariam
1178 1012 1727 1103 indulgentiam,
1787 1012 1856 1083 in
1911 1030 2050 1106 qua
2107 1029 2282 1105 opus
2337 1012 2456 1085 in·-

330 1158 365 1204 ιι
414 1136 727 1209 iunctum
785 1134 1273 1225 gravissimum
1311 1144 1464 1206 erat
1506 1134 1920 1226 sumptibus,
1959 1134 2448 1218 incommodi&

330 1256 983 1328 »laboriosissimis
1066 1251 1467 1338 itineribus„
1526 1265 1598 1327 et
1657 1254 2180 1326 imminentibus
2259 1257 2453 1327 vitae

331 1396 365 1445 ι
417 1376 771 1469 perieuliS,
828 1387 909 1451 ut
964 1378 1199 1470 potius
1254 1377 1479 1449 videri
1536 1379 1758 1467 possit
1825 1373 2224 1448 immutatio
2291 1394 2456 1469 poe·-

332 1520 367 1566 ι)
416 1496 783 1579 nitentiae,
839 1518 1049 1592 quam
1106 1498 1316 1571 huius
1374 1499 1696 1571 absoluta
1751 1497 2204 1569 relaxatio....
2245 1496 2452 1577 hanc,

333 1642 368 1688 »
419 1622 728 1712 inquam,
772 1621 1161 1711 plenariam
1222 1619 1723 1711 indulgentiam
1781 1640 1906 1711 pro
1961 1628 2147 1690 terra
2208 1628 2453 1691 sancta

335 1762 369 1811 ι»
416 1740 533 1812 alii
598 1754 839 1834 postea
908 1738 1178 1812 Summi
1261 1735 1641 1811 Pontifices
1726 1756 2000 1831 semper
2079 1732 2460 1811 confirma·-

336 1878 371 1928 »
421 1873 687 1934 runt-n.
748 1858 1149 1934 Lenitatem
1204 1860 1358 1952 piae
1413 1861 1662 1931 matris
1718 1854 2080 1931 Ecclesiae
2137 1859 2458 1930 imbecil-

328 1984 601 2056 litatem
640 1982 1039 2057 miserantis
1094 1982 1399 2055 filiorum
1439 1996 1756 2068 suorum,
1795 2000 1975 2073 quae
2015 1976 2204 2051 nune
2241 1994 2454 2051 onera

335 2114 527 2177 tanto
585 2106 849 2177 leviora
908 2127 990 2177 ac
1048 2104 1362 2175 faciliora
1422 2122 1545 2193 pro
1602 2104 1806 2174 bonis
1882 2104 2184 2193 pretium
2251 2118 2456 2174 omne

331 2224 832 2297 excedentibus
891 2226 1215 2316 imponit,
1274 2220 1626 2297 Fidelium
1683 2216 2230 2296 considerationi
2285 2244 2458 2314 pro-

332 2356 703 2439 ponentem
744 2346 913 2417 illud
948 2356 1145 2417 certe
1202 2342 1700 2437 assequemini,
1743 2357 1821 2416 ut
1861 2360 2057 2415 nemo
2098 2330 2238 2415 'tam
2278 2346 2460 2415 mol-

332 2470 423 2541 lis
480 2476 555 2540 et
608 2466 959 2558 negligens
1018 2464 1436 2557 reperiatur,
1477 2466 1639 2559 quin
1697 2466 1878 2537 bona
1934 2462 2051 2537 illa
2099 2464 2264 2536 velit
2321 2472 2461 2536 tam

334 2568 559 2682 parvo
641 2588 771 2660 sibi
854 2608 1288 2680 comparare.
1348 2583 1762 2661 Cavendum
1822 2598 2052 2658 tamen
2125 2599 2234 2660 est
2289 2585 2462 2658 dilia’

335 2719 609 2800 genter,
670 2731 757 2782 ne
812 2708 977 2779 inde
1036 2710 1405 2780 occasione
1490 2719 1808 2799 accepta,
1867 2717 1947 2778 ut
2001 2707 2232 2780 verbis
2297 2719 2464 2780 uta-

332 2851 493 2902 mur
548 2827 853 2902 Sanctae
908 2827 1167 2923 Synodi
1226 2825 1710 2912 Tridentinae,
1754 2853 1787 2898 «
1823 2837 2102 2921 peccata
2152 2829 2300 2921 ipsa
2357 2828 2470 2901 le·-

341 2973 377 3021 ι»
424 2953 623 3024 viora
679 2962 1038 3043 putantes,
1078 2949 1279 3024 velut
1333 2943 1602 3034 iniurii,
1642 2961 1716 3021 et
1767 2937 2257 3022 contumeliosi
2295 2945 2465 3042 Spi-

344 3097 381 3144 ι)
426 3071 597 3143 ritui
644 3067 931 3156 Sancto,
990 3073 1063 3142 in
1118 3071 1445 3162 graviora
1500 3071 1847 3156 labantur,
1907 3070 2470 3144 thesaurizantes

342 3217 378 3264 n
426 3192 559 3267 sibi
620 3193 795 3268 iram
847 3185 921 3263 'in
978 3191 1089 3263 die
1140 3194 1315 3263 irae.
1357 3215 1393 3260 n
1459 3185 1698 3280 Quare
1755 3185 2114 3264 Ecclesiae
2174 3186 2462 3285 quidem

336 3337 420 3390 ea
480 3317 553 3386 in
609 3335 686 3388 re
742 3314 1155 3386 ostendatur
1232 3311 1646 3395 libet-alitae,
1705 3312 1860 3383 sed·
1913 3313 2090 3384 nihil
2157 3305 2461 3386 'omnino

336 3432 763 3530 diligentiae,
804 3445 1012 3528 atque
1069 3433 1455 3510 industriae
1509 3434 1929 3525 negligatur,
1965 3451 2106 3527 quo
2145 3425 2466 3526 redigant

336 3557 661 3632 homines
716 3553 787 3630 in
842 3558 1244 3630 memoriam
1321 3573 1808 3650 quaecumque
1872 3567 2112 3629 eontra
2169 3549 2302 3627 Dei
2358 3556 2466 3628 le-

340 3689 501 3772 gem
554 3681 1079 3762 commiserunt,
1120 3683 1341 3771 eaque
1396 3679 1712 3750 delentes
1765 3699 1850 3749 ex
1905 3677 2166 3760 animo,
2207 3689 2284 3747 ae
2339 3677 2462 3746 dea·

338 3809 683 3881 testantes
722 3802 995 3892 integre
1034 3819 1119 3872 ac
1156 3799 1427 3872 sineere
1484 3786 1954 3872 confiteantur
1976 3813 2002 3886 ς
2041 3809 2250 3892 atque
2294 3797 2460 3868 inde

338 3921 559 4014 magis
612 3911 703 3994 ad
757 3920 1234 3995 admirandam
1316 3920 1820 4007 amandamque
1875 3915 2006 3991 Dei
2063 3917 2470 4008 benignita-

342 4055 481 4114 tem
538 4045 955 4126 excitentur,
1014 4041 1134 4135 qui
1192 4059 1267 4113 se
1322 4033 1467 4116 'tam
1549 4037 1821 4112 facilem
1887 4057 1970 4112 ac
2051 4033 2464 4131 placabilem

340 4163 679 4257 praebeat
734 4163 845 4247 iis,
904 4164 1024 4257 qui
1080 4181 1437 4256 nunquam
1490 4160 1665 4233 satis
1717 4159 2078 4253 plectenda
2136 4161 2464 4252 impieta·-

338 4293 413 4357 te
478 4311 515 4356 α
560 4287 777 4358 semel
842 4277 882 4358 a
948 4275 1273 4378 peccati,
1312 4279 1385 4355 e't
1448 4277 1825 4356 'daemonia
1907 4283 2252 4356 servitute
2337 4297 2466 4378 per

350 4430 386 4479 ι
433 4401 861 4501 Baptismum
916 4407 1221 4493 liberati,
1262 4417 1335 4478 et
1371 4415 1660 4499 accepto
1713 4399 2020 4498 spiritus
2056 4398 2295 4480 Sancti
2335 4405 2470 4484 ‹io-2
