3292 5275
2277 495 2394 577 99

276 654 531 709 sensus
582 634 715 707 sihi
756 633 863 709 de·
898 645 1134 709 tantae
1170 635 1491 709 caritatis
1528 646 1740 728 opere
1777 636 2200 728 persuadere
2235 656 2384 709 non

274 765 537 847 posset,
592 766 805 849 atque
859 757 961 827 ita
1012 750 1323 849 Magistri
1376 765 1765 848 pertaesam
1820 774 1894 827 se
1933 756 2384 840 ostendisset,

275 886 361 949 ut
395 876 597 947 multi
635 874 1157 968 discipulorum,
1194 872 1453 950 Ioanne
1508 884 1842 961 testante,
1885 876 2156 949 abirent
2193 888 2384 950 retro

276 1006 351 1067 et
386 986 497 1092 (1)
533 1016 679 1067 non
714 1016 873 1072 cum
907 992 1035 1067 lllo
1072 995 1542 1080 ambularent,
1600 990 2104 1089 Apostolorum
2153 1007 2388 1069 tamen

274 1136 479 1188 amor
534 1115 607 1187 in
659 1110 967 1207 Magistri
1020 1117 1481 1189 veneratione
1534 1124 1609 1188 et
1663 1116 2003 1209 obsequio
2043 1117 2392 1190 immotus

277 1236 625 1327 perstitit,
660 1246 737 1307 et
770 1231 929 1307 lesu
980 1232 1357 1328 Apostolos
1394 1244 1902 1329 percunctante
1939 1256 2106 1311 num
2143 1248 2217 1309 et
2252 1236 2390 1329 ipsi

278 1355 555 1427 vellent
604 1353 826 1438 abire,
879 1357 1189 1447 graviter
1224 1356 1297 1427 id
1334 1357 1567 1429 ferens
1607 1350 1860 1429 Petrus
1897 1357 1973 1429 in
2009 1374 2132 1429 eas
2181 1376 2390 1431 voces

281 1474 547 1567 erupit:
596 1499 633 1545 ιι
673 1470 971 1548 Domine
1009 1476 1093 1547 ad
1128 1496 1337 1569 quem
1394 1468 1708 1549 ibimus?
1763 1496 1842 1547 ac
1891 1476 2234 1549 rationem
2269 1476 2396 1549 ad-

282 1594 455 1666 iecit
498 1614 715 1688 quare
769 1590 1145 1667 Dominum
1198 1595 1551 1669 constanti
1590 1593 1728 1667 fide
1765 1594 1962 1689 sequi
2017 1594 2200 1668 velle
2254 1607 2398 1668 sta·

284 1725 519 1787 tueret
565 1739 599 1784 ι
640 1714 851 1786 verba
890 1714 1077 1788 vitae
1114 1724 1446 1790 aeternae
1484 1714 1728 1790 habes.
1763 1738 1798 1785 »
1843 1709 2034 1787 Haec
2071 1708 2214 1789 Nos
2251 1714 2398 1789 ani·

284 1854 401 1906 mo
456 1834 873 1921 recolentes,
925 1834 1095 1928 quid
1146 1833 1425 1909 dulcius
1477 1846 1603 1909 aut
1661 1835 2032 1909 iucundius
2086 1834 2214 1907 hac
2267 1856 2400 1909 no-

287 1966 435 2027 stra
485 1954 969 2028 coniunctione
1010 1964 1367 2047 reputare,
1416 1954 1583 2048 quid
1622 1971 1830 2047 porro
1867 1955 2080 2027 etiam
2132 1954 2398 2029 firmius

288 2096 375 2149 ae
426 2073 743 2149 stabilius
782 2073 963 2149 tueri
1018 2067 1458 2149 debeamus?
1496 2069 1652 2147 Non
1689 2076 1988 2149 deerunt
2025 2086 2218 2149 certe
2257 2070 2402 2147 No-

286 2195 417 2282 bis,
453 2216 595 2267 una
634 2196 797 2267 licet
832 2196 903 2267 in
940 2190 1205 2267 Christi
1244 2195 1517 2269 nomine
1562 2194 1978 2281 coniunctis,
2033 2216 2178 2269 non
2231 2196 2400 2269 dee-

290 2328 453 2388 runt
507 2315 1087 2389 contradictiones
1142 2337 1221 2388 ac
1276 2316 1757 2390 dimicationes
1797 2316 2230 2400 subeundae,
2268 2337 2400 2390 nec

292 2435 619 2509 inimicus
671 2436 883 2509 bomo
934 2436 1171 2526 segnis
1224 2436 1389 2517 erit,
1442 2436 1545 2507 nil
1595 2435 1814 2525 magis
1849 2434 2138 2529 cupiens
2191 2458 2402 2531 quam

290 2556 849 2651 superseminare
902 2556 1199 2629 zizania.
1238 2552 1334 2627 At
1386 2549 1528 2627 Nos
1576 2572 1926 2627 memores
1961 2550 2402 2649 Apostolicac

292 2677 741 2751 firmitudinis
794 2686 869 2750 et
920 2677 1371 2763 constantiae,
1425 2698 1601 2771 quae
1677 2672 1962 2750 Domini
2040 2677 2406 2772 praeconio

294 2799 569 2872 laudari
623 2799 913 2884 meruit,
974 2822 1009 2868 α
1052 2819 1179 2870 vos
1216 2798 1387 2872 estis
1440 2797 1564 2890 qui
1602 2795 2082 2890 permansistis
2128 2817 2406 2872 mecum

290 2919 367 3004 in
421 2919 927 2995 tentationibus
998 2918 1170 2992 meis
1212 2941 1247 2986 n
1296 2910 1431 3014 (2),
1485 2935 1832 2990 memores
1912 2912 2406 3012 Redemptoris

292 3037 533 3116 Nostri
572 3039 831 3112 diserte
868 3035 1357 3112 denunciantis
1402 3063 1439 3110 α
1472 3039 1591 3130 qui
1626 3055 1900 3111 meeum
1937 3058 2074 3112 non
2115 3051 2222 3112 est
2249 3061 2410 3114 eon-

296 3174 403 3234 tra
459 3181 575 3234 me
626 3171 736 3233 est
777 3183 811 3226 »
876 3157 1081 3232 officii
1118 3160 1387 3252 pariter
1419 3153 1659 3231 Nostri
1697 3175 2040 3232 memores
2093 3180 2249 3232 esse
2286 3161 2410 3233 de·

296 3281 618 3354 bebimus
670 3280 1001 3372 omnique
1055 3279 1288 3352 studio
1340 3296 1617 3358 curare,
1671 3289 1754 3352 ut
1808 3280 2218 3352 inconcussa
2271 3279 2408 3354 fide

296 3423 383 3476 ac
438 3401 767 3474 firmitate
818 3395 1177 3472 Christum
1231 3419 1642 3492 sequemur,
1697 3393 1949 3492 Illique
2001 3398 2191 3473 omni
2245 3411 2414 3476 tem·

300 3543 473 3618 pore
536 3521 999 3596 concordibus
1052 3519 1307 3594 animis
1344 3519 1870 3594 adhaereamus.
1929 3515 2014 3592 ln
2067 3541 2148 3594 ea
2201 3522 2410 3609 enim,

300 3638 453 3716 VV.
510 3637 681 3729 FF..
710 3641 1111 3716 conditione
1187 3641 1549 3716 constituti
1624 3660 1890 3724 smnus,
1953 3651 2034 3712 ut
2107 3639 2184 3713 in
2259 3643 2412 3716 acie

304 3764 649 3839 adversus
700 3760 1127 3856 multiplices
1180 3759 1466 3840 eosdem
1520 3750 1904 3836 acerrimos
1959 3759 2225 3847 hostes,
2261 3761 2418 3834 diu·

304 3897 509 3963 turna
575 3885 719 3958 iam
790 3880 1235 3958 contentione
1310 3895 1701 3956 versemur.
1769 3875 2064 3956 Utamur
2136 3893 2414 3978 oportet

308 4003 789 4101 spiritualibus
842 4003 1133 4080 militiae
1170 3997 1465 4080 Nostrae
1518 4002 1756 4089 armis,
1797 4011 2148 4098 totamque
2185 4013 2416 4082 certa-

466 4285 549 4372 (1)
592 4287 770 4360 loen.
812 4287 879 4375 6,
919 4287 1023 4362 67.

464 4385 551 4472 (2)
589 4384 751 4454 Luc.
792 4385 893 4458 22.
936 4383 1037 4456 28.
