3292 5275
250 636 381 701 tur.
440 619 707 699 Videtis
766 622 976 715 igitur
1029 634 1295 717 quanta
1358 618 1569 696 Vobis
1610 622 2056 716 suscipienda
2098 628 2192 697 sit
2227 629 2368 699 sol-

247 746 560 829 licitudo,
602 757 681 817 ut
716 743 957 817 fideles
994 744 1409 819 catholicam
1450 744 1535 817 de
1574 740 2030 821 Sacramenta
2083 745 2204 819 illo
2260 758 2368 829 te·-

248 876 463 941 neant
508 866 926 951 doctrinam,
966 875 1038 937 ct
1076 866 1161 939 ad
1204 865 1585 959 parendum
1624 866 2058 941 adducantur
2113 862 2376 946 Eccle-a
2493 959 2498 963 .

250 989 388 1061 siae
444 988 737 1079 legibu3‚
778 988 1197 1079 funestaque
1261 986 1382 1058 illa
1438 980 1894 1059 Christianae
1931 987 2384 1071 educationis,

250 1109 623 1200 pernicies,
660 1119 1007 1200 quantum
1044 1106 1217 1180 eniti
1258 1106 1545 1181 hortatu
1584 1118 1654 1177 ct
1689 1109 2104 1181 auctoritate
2143 1109 2372 1202 possi-

255 1230 359 1313 tis,
400 1252 437 1301 a
474 1225 883 1303 Christiano
938 1229 1197 1320 populo
1256 1243 1726 1301 amoveatur:
1765 1231 2146 1319 generatim
2202 1250 2370 1306 vero

250 1360 329 1421 ut
380 1350 743 1423 catholicis
798 1349 1113 1424 moribus
1168 1356 1381 1441 atque
1440 1348 1780 1424 institutis
1839 1348 2248 1423 imbuantur
2296 1371 2374 1422 a·-

250 1468 712 1553 dolescentes,
766 1478 841 1542 et
894 1468 1151 1543 eisdem
1209 1470 1381 1560 ipsis
1438 1471 1794 1557 instando,
1841 1480 1914 1543 et
1971 1470 2372 1562 parentibus

251 1602 319 1663 et
370 1592 985 1684 praeceptoribus,
1046 1589 1499 1679 contendite3
1578 1594 1986 1683 pracsertim
2067 1614 2240 1667 vero
2296 1603 2388 1675 ut,

251 1722 547 1788 caveant
600 1736 641 1787 a
698 1711 1211 1797 seductoribus,
1264 1723 1342 1785 ut
1398 1714 1569 1785 adeo
1625 1726 2074 1807 propagatam
2127 1716 2380 1789 miser-

250 1835 427 1907 rima
481 1848 869 1927 temporum
910 1832 1313 1905 conditione
1356 1833 1766 1925 opinionum
1828 1836 2384 1910 sententiarum·-

248 1978 383 2051 que
436 1957 879 2049 pravitatem,
918 1965 989 2027 et
1026 1954 1211 2025 unde
1265 1956 1627 2027 teterrima
1681 1957 2024 2032 malorum
2058 1956 2396 2037 omnium,

250 2099 445 2171 seges
498 2088 652 2151 orta
704 2087 839 2163 est,
891 2075 1107 2147 libros
1160 2073 1515 2167 religioni,
1573 2076 1918 2159 moribus,
1971 2076 2194 2171 quieti
2249 2099 2400 2171 pu-.

246 2198 475 2272 blicae
528 2199 823 2271 infestos
876 2197 1449 2289 perhorrescant.
1493 2192 1696 2285 Quae
1735 2209 1818 2271 ut
1869 2200 2086 2291 pestis
2142 2200 2386 2293 prohi-

246 2318 499 2392 beatur
536 2340 575 2391 a
614 2318 801 2391 fideli
862 2320 1149 2411 populo,
1199 2338 1363 2391 eum
1418 2318 1804 2392 identidem
1863 2320 2386 2397 admonendum

248 2451 517 2522 curate,
572 2461 789 2535 quam
848 2439 1033 2513 iuste
1073 2461 1153 2511 ac
1208 2440 1591 2526 salubriter
1642 2451 1718 2513 et
1771 2462 1814 2513 a
1867 2435 2396 2519 Praedecessow

248 2560 443 2634 ribus
514 2555 819 2648 Nostris,
878 2572 951 2633 et
1004 2582 1042 2633 a
1096 2554 1519 2633 Christianis
1584 2554 2036 2656 Principibus
2106 2574 2390 2644 cautum

254 2681 376 2768 sit,
436 2705 525 2756 ne
580 2682 741 2756 libri
816 2682 1220 2756 huiusmodi
1308 2682 1782 2768 retineantur,
1837 2683 2240 2780 nullamque
2299 2709 2388 2761 ea

246 2798 328 2874 in
367 2822 441 2874 re
480 2803 771 2874 nimiam
826 2801 1261 2894 vigilantiam
1317 2821 1701 2897 curamque
1749 2803 2172 2878 existimate.
2221 2801 2390 2882 Om-

248 2923 367 2994 nis
408 2935 645 2998 autem
684 2925 965 3008 aetatis,
1008 2945 1249 3012 sexus,
1288 2922 1720 2997 conditionis
1775 2927 2196 3002 mortalibus
2231 2943 2392 3003 con·

250 3045 511 3118 sultum
570 3047 815 3129 fuerit,
858 3043 919 3115 si
974 3045 1273 3118 salutari
1332 3045 1591 3137 pabulo
1655 3045 1932 3119 assidue
1997 3047 2396 3123 nutriantur

249 3165 454 3241 verbi
512 3161 824 3247 Domini,
882 3167 943 3238 si
1003 3167 1337 3258 frequens
1396 3164 1716 3240 foveatur
1771 3187 1938 3239 usus
1993 3163 2398 3245 Sacramen-

250 3297 509 3373 torum,
550 3286 607 3359 si
646 3288 747 3382 pii
802 3298 1081 3372 coetum
1140 3285 1403 3380 quibus
1462 3298 1838 3381 utrumque
1889 3287 2094 3361 sitin
2149 3287 2414 3381 primis·

250 3410 721 3503 propositum,
781 3409 899 3484 vel
983 3407 1459 3500 provehantur
1552 3408 1990 3504 quicumque
2055 3406 2221 3498 sint,
2277 3417 2396 3492 vel

252 3527 425 3604 novi
480 3529 693 3605 etiam
749 3527 1231 3601 instituantur.

473 3643 613 3724 Sed
670 3649 759 3722 ad
816 3648 985 3722 baec
1040 3648 1401 3722 efficienda
1457 3649 1906 3726 adiutoribus
1955 3645 2168 3726 Vobis
2219 3673 2413 3748 opus·

254 3783 397 3857 est,
438 3792 611 3868 quos
648 3771 935 3844 vocavit
966 3765 1305 3844 Dominus
1339 3773 1704 3863 operarios
1735 3772 1810 3846 in
1841 3774 2120 3849 vineam
2158 3791 2392 3850 suam.

256 3889 503 3984 Quare
560 3893 927 3966 admonete
982 3912 1105 3964 eos
1158 3892 1439 3965 assidue
1494 3913 1714 3987 quam
1771 3911 1914 3968 non
1967 3893 2138 3989 ipsis
2191 3893 2403 3970 liceat

258 4037 417 4090 esse
472 4015 743 4099 otiosiS,
797 4035 1145 4110 quamque
1202 4035 1487 4088 necesse
1546 4015 1660 4101 sit,
1719 4025 1800 4090 ut
1855 4039 2139 4110 operam
2196 4039 2400 4094 suam

260 4138 631 4222 conferant
688 4134 777 4208 ad
858 4157 1093 4210 mores
1178 4137 1419 4230 populi
1502 4137 1996 4212 moderandos.
2055 4134 2412 4232 inquirite

263 4257 515 4331 sedulo
572 4257 647 4328 in
718 4275 963 4331 eorum
1016 4257 1269 4342 vitam,
1325 4279 1714 4342 sermones,
1771 4259 2176 4341 convictus,
2229 4283 2404 4340 cou-

264 4380 726 4454 suetudines:
794 4401 833 4448 a
876 4398 1125 4452 manus
1181 4380 1375 4452 enim
1428 4380 1740 4466 sordida,
1801 4391 1882 4454 ut
1935 4381 2036 4454 ait
2091 4373 2164 4456 S.
2220 4375 2404 4456 Gre-
