3292 5275
838 585 911 658 in
946 534 1240 702 primis
1250 589 1525 698 certior
1578 587 1726 693 fieri
1781 590 2046 677 dehet,
2105 589 2280 677 Aeta
2335 594 2565 667 omnia
2621 592 2694 667 S.
2707 593 2972 741 Ἀρο-

840 709 1131 780 stolicae
1166 701 1357 822 3Sedi
1396 679 1860 828 transmittat.

1873 945 1936 1020 V

1052 1185 1270 1262 Iussit
1324 1189 1607 1262 demum
1664 1185 1990 1263 Summus
2043 1185 2376 1264 Pontifex
2445 1202 2524 1266 ut
2576 1185 2954 1266 Decretum

841 1311 975 1382 hoc
1031 1305 1531 1428 Consistoriale
1590 1321 1932 1414 perpetuo
1989 1333 2026 1380 a
2079 1311 2632 1404 quibuscumque
2697 1313 2954 1385 habea-

845 1413 953 1502 tur
985 1477 1005 1516 ,
1063 1453 1141 1503 ac
1198 1431 1255 1500 si
1311 1452 1529 1548 super
1574 1431 1802 1521 ipsum
1859 1411 2147 1502 alterae
2183 1414 2623 1523 Apostolicac
2676 1429 2952 1507 litterae

845 1550 1361 1651 declarationis,
1389 1551 1896 1648 suspensioniS‚
1927 1561 2000 1622 et
2063 1551 2534 1643 derogationis
2610 1545 2960 1644 tempora-

845 1693 1023 1773 neae
1081 1673 1232 1745 sive
1288 1671 1419 1742 suh
1452 1671 1810 1764 plumbo,
1866 1673 2016 1743 sive
2077 1673 2146 1742 in
2203 1673 2420 1744 forma
2475 1663 2726 1744 Brevis
2785 1672 2957 1770 fuis·

844 1804 999 1868 sent
1054 1793 1138 1868 de
1194 1813 1384 1872 more
1451 1792 1882 1885 expeditae:
1954 1793 2325 1864 contrariis
2397 1795 2958 1886 quibuscumque

844 1911 1132 1988 minime
1190 1910 1658 1998 obstantibuS,
1697 1914 1915 1984 etiam
1955 1905 2079 1982 SS.
2111 1893 2582 1984 Conciliorum
2607 1907 2958 1994 Decretis,

848 2041 1059 2128 atque
1115 2025 1542 2129 Apostolicis
1597 2027 2230 2106 Constitutionibus
2285 2031 2570 2125 speciali
2634 2033 2960 2126 quamvis

846 2151 1208 2226 mentione
1264 2151 1518 2244 digni&
1574 2164 1650 2226 et
1704 2153 2042 2247 singulari
2097 2173 2378 2302 quoque
2433 2151 2700 2261 eisdem
2761 2155 2962 2277 illata

852 2274 1325 2366 derogatione.

1855 2509 1950 2584 vl

1060 2748 1208 2829 Hoc
1264 2755 1471 2853 igitur
1522 2752 2022 2831 Sanctissimus
2060 2752 2402 2830 Dominus
2433 2750 2684 2829 Noster
2737 2755 2968 2829 voluit

850 2876 961 2989 edi
969 2878 1418 2980 vulgarique
1456 2874 1828 2951 Decretum
1864 2874 2378 2951 Consistoriale
2417 2877 2500 2947 ad
2549 2888 2996 2969 perpetuam·

854 2978 956 3069 rei
1012 3019 1354 3111 normam,
1412 3009 1485 3071 et
1538 2996 1920 3072 efficaciam
1987 2998 2059 3070 in
2118 2994 2428 3073 Archivo
2489 2998 2792 3071 eiusmet
2847 2994 2989 3071 Sa-·

854 3100 1021 3231 crae
1066 3112 1637 3215 congregationis
1695 3118 2216 3193 asservandum.

1064 3234 1328 3312 Datum
1372 3228 1645 3313 Romae
1700 3242 1833 3313 hae
1888 3240 2002 3312 die
2057 3240 2396 3313 vicesima
2427 3233 2595 3311 Maii
2633 3257 2824 3311 anno
2861 3258 2976 3311 re·-

858 3370 1143 3474 paratae
1197 3362 1553 3435 hominum
1618 3360 1867 3434 salutis
1945 3360 2314 3433 millesimo
2389 3358 2972 3453 octingentesimo

859 3484 1369 3577 septuagesimo
1426 3480 1755 3554 seeundo.

1174 3717 1503 3795 Roossmvs
1560 3718 2086 3815 Amici-Mure!
2142 3718 2558 3793 Patriarcha
2621 3712 2977 3791 Constan-

1285 3844 1577 3935 tinopol.
1655 3838 1726 3913 S.
1793 3838 2364 3938 Congregationis
2445 3836 2974 3914 Consistorialis

1288 3986 1328 4037 a
1382 3958 1713 4078 Secretis.
