3292 5275
872 470 1033 553 242

872 614 1044 687 licae
1102 612 1460 696 facultate,
1517 612 1812 685 alteram
1889 610 2481 706 quandocumque
2565 608 2979 685 instituendi

874 734 1091 809 totius
1146 728 1499 805 Dioccesis
1549 730 2288 825 circumscriptionem.

1082 850 1201 927 lx.
1257 847 1479 926 Porro
1518 856 1848 927 volumus
1887 854 2329 939 mandamus,
2361 854 2866 947 praecipimus,
2899 862 2982 927 nt

870 969 1489 1064 Luxemburgensis
1524 969 1996 1067 Episcopatus
2031 968 2330 1048 Sanctae
2383 974 2554 1047 huic
2589 970 2759 1049 Sedi
2798 969 2984 1067 Apo-

869 1093 1155 1169 stolicae
1210 1095 1301 1167 sit
1352 1094 1751 1167 immediate
1827 1094 2213 1179 subiectuS‚
2271 1097 2372 1168 ita
2425 1106 2660 1168 tamen
2714 1105 2792 1165 ut
2847 1094 2982 1169 sub

868 1214 1340 1309 dependentia
1404 1210 1981 1307 congregationis
2062 1209 2590 1288 Venerabilium
2649 1210 2980 1289 Fratrum

864 1328 1275 1411 Nostrorum
1302 1331 1375 1407 S.
1406 1330 1493 1407 R.
1526 1331 1613 1407 Ε.
1644 1331 2116 1408 cardinalium
2153 1335 2450 1430 negotiis
2475 1330 2980 1428 Propagandae

866 1448 1065 1529 Fidei
1118 1457 1676 1549 praepositorum
1731 1476 2009 1527 manere
2063 1466 2330 1545 pergat.

1078 1570 1165 1649 X.
1196 1572 1538 1651 'Tandem
1590 1572 2074 1669 Apostolicum
2137 1574 2222 1677 ad
2276 1576 2454 1649 haec
2533 1579 2766 1649 munia
2822 1598 2980 1651 exe-

864 1696 1145 1789 quenda
1198 1697 1595 1791 delegatum
1651 1696 2024 1769 statuimus
2077 1696 2496 1789 deputamus
2533 1694 2865 1770 dilectum
2903 1696 2982 1767 fl·

863 1814 1038 1889 lium
1094 1812 1440 1906 Angelum
1520 1811 1814 1888 Bianchi
1894 1809 2232 1889 Nostrum
2284 1827 2359 1888 et
2413 1810 2716 1889 Sanctae
2773 1816 2980 1890 huius

864 1930 1061 2009 Sedis
1114 1934 1295 2030 apud
1356 1930 1766 2009 Hollandiac
1829 1929 2083 2008 Aulam
2163 1932 2712 2021 internuntium,
2769 1938 2978 2032 eique

865 2055 1121 2131 idcirco
1177 2077 1414 2129 omnes
1466 2067 1537 2129 et
1593 2056 1904 2146 singulas
1961 2057 2336 2129 facultates
2389 2058 2851 2142 necessarias,
2905 2068 2978 2131 et

864 2187 1296 2271 opportunas
1382 2177 1752 2251 tribuimus
1807 2197 1892 2250 ac
1947 2176 2415 2269 impertimus,
2473 2178 2662 2251 facta
2745 2178 2980 2251 eidem

865 2298 1075 2371 venia
1128 2298 1419 2371 alteram
1488 2318 1858 2391 personam
1913 2298 1990 2371 in
2041 2296 2511 2371 ecclesiastica
2577 2310 2815 2372 tamen
2870 2300 2982 2373 di·-

865 2418 1137 2510 gnitate
1164 2420 1621 2492 constitutam
1677 2418 2204 2511 subdelegandi.
2231 2414 2390 2512 Ipse
2445 2440 2647 2506 vero,
2681 2442 2756 2492 ac
2811 2420 2982 2495 sub-

702 2614 711 2623 ,
864 2538 1181 2631 delegata
1220 2560 1511 2632 persona
1550 2552 1924 2614 teneantur
1961 2551 2120 2632 post
2163 2551 2304 2614 tres
2359 2560 2636 2615 menses
2691 2541 2781 2615 ab
2817 2562 2982 2615 exe-

864 2662 1203 2755 quutione
1232 2662 1580 2746 confecta,
1608 2661 1842 2734 omnia
1869 2672 2059 2745 acta,
2092 2681 2270 2756 quae
2299 2664 2372 2734 in
2409 2663 2482 2734 id
2511 2663 2654 2736 lata
2685 2664 2975 2750 fuerint,

864 2782 951 2854 ad
1012 2793 1463 2856 memoratam
1516 2777 2036 2854 Venerabilium
2093 2778 2425 2854 Fratrum
2485 2779 2981 2878 Congregatio-

866 2922 1025 2975 nem
1077 2899 1377 2993 negotiis
1434 2897 1936 2994 propagandae
1991 2897 2189 2975 Fidei
2243 2901 2710 2997 praepositam
2749 2917 2980 2980 trans-

864 3023 1171 3103 mittere,
1226 3019 1495 3095 adiecta
1558 3019 1822 3094 Charta
1905 3023 2400 3116 topographica
2479 3025 2693 3098 huius
2747 3047 2974 3101 novae

862 3143 959 3216 sic
1012 3153 1286 3214 erectae
1340 3137 1752 3216 Dioeceseos
1806 3139 2472 3235 Luxemburgensis.

1072 3257 1261 3336 Haec
1314 3263 1664 3349 volumus,
1705 3263 2102 3348 statuimus,
2133 3262 2476 3338 edicimus
2525 3263 2978 3342 decernentes

865 3396 1269 3476 praesentes
1306 3378 1599 3458 Nostrae
1627 3379 1928 3456 Litteras
1964 3382 2202 3458 firmas
2248 3386 2518 3458 validas
2551 3397 2625 3460 et
2659 3387 2976 3462 efficaces

862 3504 1171 3577 existere
1198 3514 1273 3578 et
1309 3506 1487 3590 tore,
1510 3523 1816 3597 suosque
1856 3503 2202 3598 plenarios
2229 3517 2304 3576 et
2327 3507 2644 3598 integros
2679 3507 2972 3582 effectus

862 3623 1099 3696 sortiri
1154 3635 1225 3695 et
1278 3625 1622 3711 obtinere,
1680 3647 1760 3698 ac
1817 3625 1958 3697 illis
2014 3625 2102 3696 ad
2155 3647 2328 3720 quos
2383 3637 2680 3721 spectat,
2735 3639 2808 3700 et
2847 3649 2974 3723 pro

861 3754 1179 3838 tempore
1230 3745 1820 3839 quandocumque
1871 3743 2208 3839 spectabit
2259 3747 2662 3838 plenissime
2719 3747 2977 3821 suffra-

862 3865 1051 3956 gari3
1102 3867 1341 3959 sicque
1398 3867 1471 3938 in
1524 3865 1921 3958 praemissis
1978 3886 2105 3958 per
2185 3885 2649 3960 quoscumque
2703 3863 2976 3942 iudices

860 3984 1245 4059 ordinarios
1276 3995 1348 4058 et
1382 3987 1769 4076 delegatos,
1809 3985 2020 4059 etiam
2059 3983 2458 4060 Causarum
2491 3981 2746 4058 Palatii
2783 3983 2978 4081 Apo-

863 4105 1098 4179 stolici
1130 4103 1499 4180 Auditores
1556 4107 1854 4182 iudicari
1889 4119 1964 4180 et
2017 4105 2288 4180 definiri
2341 4107 2623 4193 debere,
2653 4105 2974 4180 irritum·-

859 4247 1001 4320 que
1056 4234 1125 4296 et
1182 4227 1388 4300 inane
1442 4227 1501 4299 si
1554 4249 1757 4302 secus
1811 4247 2024 4320 super
2073 4227 2188 4300 his
2225 4249 2264 4298 a
2317 4247 2668 4322 quoquam
2721 4229 2972 4322 quavis

862 4345 1280 4424 auctoritate
1309 4347 1607 4426 scienter
1634 4349 1755 4424 vel
1783 4347 2188 4444 ignoranter
2215 4369 2344 4424 con
2357 4345 2584 4443 tigerit
2611 4351 2970 4427 attentari.
