3292 5275
2283 505 2433 591 155

312 651 511 723 illata
568 650 830 721 fuerint
887 656 1097 739 atque
1174 656 1455 737 peracta
1493 693 1514 727 ,
1574 657 1652 715 ut
1709 646 1908 720 simul
1965 646 2036 717 in
2095 642 2432 722 Archivio

309 766 861 863 congregationis
918 768 1227 858 prefatae
1290 762 1593 836 Sanctae
1659 760 2008 837 Romanae
2077 761 2432 843 Ecclesiae

306 886 777 962 Cardinalium
834 885 1043 958 rebus
1094 883 1698 957 consistorialibus
1736 884 2132 977 praeposita
2171 908 2434 981 oppor-

308 1020 480 1082 tune
540 1012 961 1089 inserantur,
1016 1028 1095 1077 ac
1152 1007 1337 1075 inter
1386 1006 1609 1097 ipsius
1660 1006 2214 1097 congregationis
2267 1020 2428 1081 acta

306 1130 390 1201 ad
447 1130 735 1223 plenam
770 1127 1293 1201 observantiam
1328 1146 1537 1218 quam
1574 1136 1894 1197 accurate
1947 1139 2422 1201 asserventur.

520 1244 863 1323 Volumus
917 1248 1155 1332 etiam,
1210 1244 1397 1339 quod
1452 1244 1868 1316 earumdem
1945 1248 2425 1336 praesentium

308 1367 762 1462 transumptis
838 1368 1057 1439 etiam
1114 1365 1465 1459 impressis
1530 1384 1746 1438 manu
1808 1376 2045 1437 tamen
2125 1366 2428 1443 alicuius

300 1484 579 1562 Notarii
610 1488 859 1581 publici
916 1486 1333 1579 subscriptis
1361 1495 1431 1555 et
1461 1484 1694 1574 sigillo
1723 1485 2024 1559 alicuius
2082 1508 2424 1579 personae

303 1612 377 1682 in
436 1612 775 1703 dignitate
829 1608 1295 1681 ecclesiastica
1350 1607 1778 1679 constitutae
1835 1606 2122 1680 munitis
2177 1609 2424 1683 eadem

300 1752 592 1823 prorsus
646 1730 816 1801 fides
872 1728 941 1799 in
998 1728 1255 1799 iudicio
1315 1739 1387 1799 et
1442 1738 1644 1798 extra
1721 1727 1896 1822 illud
1951 1727 2420 1819 adhibeatur,

296 1870 483 1944 quae
534 1850 799 1921 eisdem
850 1836 1145 1920 Litteris
1174 1846 1652 1931 adhiberetur,
1689 1847 1746 1919 si
1787 1848 2020 1921 forent
2071 1847 2420 1923 exhibitae

296 1968 411 2041 vel
470 1980 813 2042 ostensae.

510 2084 695 2162 Nulli
747 2110 913 2180 ergo
970 2088 1259 2160 omnino
1314 2088 1680 2161 hominum
1718 2088 1928 2161 liceat
1987 2090 2168 2163 hanc
2227 2092 2420 2182 pagi-

295 2230 469 2280 nam
524 2202 821 2281 Nostrae
877 2208 1437 2301 suppressioniS,
1492 2206 1982 2313 extinctionis„
2038 2207 2420 2284 seiunctio-

292 2328 401 2401 nis
436 2378 457 2412 ,
516 2322 1215 2411 dismembrationis,
1276 2326 1479 2412 iussi,
1540 2328 2052 2415 concessionis,
2107 2330 2416 2419 indulti,

292 2450 819 2543 impertitioniS,
878 2448 1222 2533 mandati,
1275 2447 1569 2531 decreti,
1625 2448 2092 2539 derogationis
2163 2462 2236 2523 et
2291 2472 2416 2525 vo-

288 2570 589 2644 luntatis
648 2570 1052 2662 infringere,
1097 2570 1215 2642 vel
1268 2569 1334 2642 ei
1391 2590 1555 2642 ausu
1608 2571 1984 2645 temerario
2041 2572 2412 2646 contraire.

288 2689 365 2764 Si
423 2693 584 2785 quis
642 2703 879 2765 autem
932 2691 1063 2763 hoc
1120 2701 1475 2763 attentare
1514 2692 2058 2784 praesumpserit
2093 2690 2416 2783 indignae¹

290 2814 562 2886 tionem
596 2799 1117 2904 Omnipotentis
1156 2807 1287 2900 Dei
1326 2833 1407 2884 ac
1461 2806 1846 2884 Beatoruin
1887 2806 2082 2884 Petri
2120 2821 2195 2884 et
2230 2806 2415 2886 Pau·

284 2935 335 3005 li
398 2929 885 3026 Apostolorum
943 2927 1124 3006 Eius
1172 2953 1251 3004 se
1306 2932 1586 3005 noverit
1642 2927 2118 3006 incursurum.

486 3049 757 3127 Datum
811 3047 1099 3126 Romae·
1160 3049 1365 3143 apud?
1422 3049 1766 3126 Sanctum
1847 3048 2140 3126 Petrum
2207 3047 2456 3158 Anno·

284 3171 791 3246 incarnationis
870 3170 1287 3244 Dominicae
1366 3173 1743 3246 millesimo
1829 3173 2414 3263 octingentesimo

280 3291 723 3387 sexagesimo
778 3314 963 3365 nono
986 3304 1237 3386 quarto
1293 3290 1445 3364 idu’s
1501 3286 1736 3366 Martii
1777 3283 1882 3390 (1)
1935 3289 2404 3368 Pontificatus

276 3409 519 3486 Nostri
556 3433 757 3487 -anno
810 3409 1423 3507 vigesimaquarto.

274 3556 362 3632 G,
406 3556 575 3633 Gom
613 3557 1058 3634 Svnmuaivs
1095 3599 1201 3614 —
1238 3555 1320 3632 N.
1362 3555 1569 3633 Gran.
1614 3555 2004 3632 Ptaaccum
2041 3555 2392 3633 Ctaastm.

1392 3702 1557 3780 Visa
1617 3707 1704 3779 de
1763 3702 1981 3780 Curia

1100 3807 1531 3900 Dominicus·
1562 3808 1780 3886 Bruti
1833 3809 2304 3888 Abbreviator

272 3916 467 3994 Loco
495 3915 891 4016 fflPlumbi
1018 3911 1023 3919 ’
1867 3947 1874 3956 ·

1838 4025 1892 4098 1.
1951 4024 2406 4121 Cugnonius:

430 4205 517 4290 (1)
558 4207 737 4272 Haec
779 4210 1083 4290 temporis
1124 4189 1534 4294 computandi
1575 4211 1743 4273 ratio
1787 4213 2052 4291 propria
2099 4219 2198 4286 est
2239 4212 2406 4280 Can,

267 4303 583 4368 cellariae
626 4299 1039 4382 Apostolica'e
1065 4346 1084 4380 ,
1139 4307 1332 4384 atque
1376 4303 1446 4365 i'n
1495 4305 1942 4383 praesentibus
2003 4303 2261 4370 Litteris
2301 4323 2404 4370 re·

265 4395 541 4479 spondet
580 4395 707 4459 diei
744 4391 827 4460 12
862 4393 1075 4459 martii
1116 4391 1297 4462 18⁷0.
1490 4403 1497 4412 '
1877 4424 1884 4436 ·
