3292 5275
815 468 921 551 58

816 610 1160 683 mandatis
1213 606 1689 687 Romanorum
1744 608 2165 687 Pontificum
2234 630 2362 703 pro
2420 622 2729 704 tempore
2780 614 2929 685 exi-

815 730 1152 803 stentium
1220 730 1309 803 ad
1389 730 1790 805 universale
1855 732 2168 803 futurum
2222 726 2617 807 Concilium
2680 734 2929 825 appel-

815 851 1073 936 lantes,
1129 870 1262 923 nec
1318 872 1462 924 non
1515 871 1634 924 eos
1668 897 1690 934 ,
1744 870 2051 945 quorum
2110 850 2407 937 auxilio,
2460 849 2759 924 consilio
2814 853 2932 923 vel

819 970 1057 1044 favore
1113 972 1532 1064 appellatum
1587 972 1817 1043 fuerit.

1833 1204 1907 1283 5.

1029 1446 1290 1523 Omnes
1348 1450 1877 1539 interficientes)
1932 1454 2369 1537 mutilantes,
2426 1454 2929 1546 percutientes,

819 1571 1200 1663 capientes,
1254 1584 1728 1659 curcei-antes,
1785 1574 2211 1661 detinentes,
2270 1574 2388 1647 vel
2445 1572 2801 1645 hostiliter·
2822 1574 2937 1645 in-

819 1702 1194 1787 sequentes
1249 1688 1323 1767 S.
1363 1686 1454 1766 R.
1493 1689 1584 1766 Ε.
1642 1689 2073 1780 cardinales,
2124 1689 2599 1778 Paniai-chus,
2638 1686 2937 1767 Archie-

820 1811 1168 1905 piscopos,
1217 1807 1632 1905 Episcopus,
1685 1809 2027 1909 Sedisque
2082 1808 2531 1909 Apostolicae
2584 1806 2877 1905 Legatos
2909 1862 2931 1899 ,

821 1932 936 2005 vel
987 1928 1296 2007 Nuncios
1325 1980 1350 2019 ,
1407 1944 1532 2008 aut
1583 1954 1709 2008 eos
1768 1956 1815 2007 a
1868 1934 2019 2011 suis
2072 1930 2563 2017 Dioecesibus‚
2621 1926 2951 2009 Territo-.

823 2052 974 2137 riis,
1001 2046 1265 2137 Terris,
1303 2074 1426 2126 seu
1455 2050 1802 2127 Dominiis
1838 2055 2229 2141 eiicientea
2266 2073 2399 2129 nec
2436 2072 2575 2128 non
2612 2074 2699 2126 ea
2734 2074 2939 2129 man·

823 2171 1068 2245 dantes
1100 2221 1125 2258 ‚
1181 2174 1296 2246 vel
1348 2186 1504 2247 rata
1559 2174 1897 2248 habentes
1931 2222 1953 2259 ,
2011 2195 2135 2248 seu
2202 2184 2641 2271 praestantes
2706 2176 2777 2246 in
2834 2175 2936 2249 eis

825 2291 1195 2379 auxilium,
1249 2294 1616 2368 consilium
1670 2296 1787 2367 vel
1844 2296 2185 2369 favorem.

1844 2651 1917 2732 6.

1037 2895 1508 2994 impedientes
1547 2899 1813 2971 directe
1852 2901 1967 2974 vel
2010 2901 2351 2977 indirecte
2388 2897 2798 2974 exercitium
2836 2897 2948 2972 iu-

830 3018 1258 3092 risdictionis
1312 3020 1831 3094 ecclesiasticae
1914 3020 2065 3094 sive
2132 3023 2399 3095 interni
2460 3021 2613 3092 sive
2664 3021 2943 3092 externi

831 3140 990 3223 fori,
1029 3152 1101 3212 et
1139 3140 1223 3212 ad
1257 3140 1392 3216 hoc
1431 3120 1875 3215 recurrente‘s
1928 3143 2020 3218 ad
2074 3144 2305 3217 forum
2344 3141 2706 3232 saeculare
2758 3140 2949 3214 eius-

829 3279 966 3372 que
1020 3259 1350 3332 mandata
1405 3245 1855 3354 procurantes
1889 3310 1911 3349 ‚
1968 3264 2259 3338 edentes
2292 3309 2314 3348 ‚
2372 3272 2495 3334 aut
2548 3257 2887 3334 auxilium
2910 3308 2945 3370 ,⁹

829 3381 1200 3454 consilium
1253 3383 1368 3456 vel
1421 3382 1731 3456 savorem
1788 3396 2253 3476 praestantes.

1848 3735 1926 3827 7,

1044 3979 1392 4078 Cogentes
1419 3987 1572 4057 sive
1609 3984 1903 4068 directe,
1932 3984 2085 4058 sive
2132 3987 2473 4060 indirecte
2504 3984 2767 4058 iudices
2814 3983 2947 4056 lai·

833 4125 951 4178 cos
999 4104 1087 4176 ad
1135 4105 1538 4177 trahendum
1595 4105 1685 4177 ad
1732 4125 1941 4179 suum
1988 4105 2291 4178 tribunal
2332 4085 2665 4198 personas
2718 4105 2949 4178 eccle·

835 4224 1148 4300 siasticas
1183 4237 1460 4316 praeter
1495 4227 1895 4302 canonicae·
1915 4224 2431 4318 dispositioneez
2460 4227 2633 4300 item
2658 4224 2950 4306 edentes

834 4346 1025 4440 leges
1055 4345 1169 4420 vel
1203 4343 1490 4425 decreta
1517 4358 1767 4423 contra
1796 4345 2202 4421 libertatem
2218 4359 2353 4423 aut
2369 4347 2535 4420 iura
2556 4341 2964 4422 Ecclesiae..
