<?xml version="1.0" encoding="UTF-8"?>
<!DOCTYPE html PUBLIC "-//W3C//DTD XHTML 1.0 Transitional//EN"
    "http://www.w3.org/TR/xhtml1/DTD/xhtml1-transitional.dtd">
<html xmlns="http://www.w3.org/1999/xhtml" xml:lang="en" lang="en">
 <head>
  <title>
</title>
<meta http-equiv="Content-Type" content="text/html;charset=utf-8" />
  <meta name='ocr-system' content='tesseract 3.04.00' />
  <meta name='ocr-capabilities' content='ocr_page ocr_carea ocr_par ocr_line ocrx_word'/>
</head>
<body>
  <div class='ocr_page' id='page_1' title='image "./piiixpontificis01ixgoog_0480.png"; bbox 0 0 3292 5275; ppageno 0'>
   <div class='ocr_carea' id='block_1_1' title="bbox 858 467 963 550">
    <p class='ocr_par' dir='ltr' id='par_1_1' title="bbox 858 467 963 550">
     <span class='ocr_line' id='line_1_1' title="bbox 858 467 963 550; baseline 0 0"><span class='ocrx_word' id='word_1_1' title='bbox 858 467 963 550; x_wconf 88' lang='grc'><strong>88</strong></span> 
     </span>
    </p>
   </div>
   <div class='ocr_carea' id='block_1_2' title="bbox 826 609 2978 3961">
    <p class='ocr_par' dir='ltr' id='par_1_2' title="bbox 830 609 2978 3737">
     <span class='ocr_line' id='line_1_2' title="bbox 856 609 2978 706; baseline 0 -24"><span class='ocrx_word' id='word_1_2' title='bbox 856 611 998 696; x_wconf 86' lang='lat' dir='ltr'><strong>dia,</strong></span> <span class='ocrx_word' id='word_1_3' title='bbox 1055 633 1293 697; x_wconf 88' lang='lat' dir='ltr'><strong>curae,</strong></span> <span class='ocrx_word' id='word_1_4' title='bbox 1348 611 1767 698; x_wconf 65' lang='lat' dir='ltr'><strong>liberalium,</strong></span> <span class='ocrx_word' id='word_1_5' title='bbox 1807 611 2060 706; x_wconf 85' lang='lat' dir='ltr'><strong>quibus</strong></span> <span class='ocrx_word' id='word_1_6' title='bbox 2112 609 2364 682; x_wconf 85' lang='lat' dir='ltr'><strong>miselli</strong></span> <span class='ocrx_word' id='word_1_7' title='bbox 2419 609 2531 681; x_wconf 88' lang='lat' dir='ltr'><strong>isti</strong></span> <span class='ocrx_word' id='word_1_8' title='bbox 2581 622 2830 703; x_wconf 85' lang='lat' dir='ltr'><strong>sponte</strong></span> <span class='ocrx_word' id='word_1_9' title='bbox 2870 611 2978 683; x_wconf 89' lang='lat' dir='ltr'><strong>in-</strong></span> 
     </span>
     <span class='ocr_line' id='line_1_3' title="bbox 851 730 2974 823; baseline -0.001 -19"><span class='ocrx_word' id='word_1_10' title='bbox 851 733 1205 806; x_wconf 90' lang='lat' dir='ltr'><strong>clinentur</strong></span> <span class='ocrx_word' id='word_1_11' title='bbox 1258 733 1347 805; x_wconf 88' lang='lat' dir='ltr'><strong>ad</strong></span> <span class='ocrx_word' id='word_1_12' title='bbox 1402 731 1956 806; x_wconf 86' lang='lat' dir='ltr'><strong>conveniendum</strong></span> <span class='ocrx_word' id='word_1_13' title='bbox 2027 731 2098 802; x_wconf 90' lang='lat' dir='ltr'><strong>in</strong></span> <span class='ocrx_word' id='word_1_14' title='bbox 2173 744 2455 823; x_wconf 88' lang='lat' dir='ltr'><strong>paratas</strong></span> <span class='ocrx_word' id='word_1_15' title='bbox 2532 731 2742 804; x_wconf 88' lang='lat' dir='ltr'><strong>aedes</strong></span> <span class='ocrx_word' id='word_1_16' title='bbox 2775 780 2798 819; x_wconf 91' lang='lat'><strong>,</strong></span> <span class='ocrx_word' id='word_1_17' title='bbox 2857 730 2974 802; x_wconf 87' lang='lat' dir='ltr'><strong>ubi</strong></span> 
     </span>
     <span class='ocr_line' id='line_1_4' title="bbox 850 849 2975 946; baseline 0 -23"><span class='ocrx_word' id='word_1_18' title='bbox 850 852 1163 925; x_wconf 83' lang='lat' dir='ltr'><strong>honestis</strong></span> <span class='ocrx_word' id='word_1_19' title='bbox 1220 851 1738 928; x_wconf 74' lang='lat' dir='ltr'><strong>oblectamentis</strong></span> <span class='ocrx_word' id='word_1_20' title='bbox 1793 853 2260 946; x_wconf 82' lang='lat' dir='ltr'><strong>praemiisque</strong></span> <span class='ocrx_word' id='word_1_21' title='bbox 2315 852 2534 924; x_wconf 90' lang='lat' dir='ltr'><strong>etiam</strong></span> <span class='ocrx_word' id='word_1_22' title='bbox 2589 853 2837 936; x_wconf 80' lang='lat' dir='ltr'><strong>illecti,</strong></span> <span class='ocrx_word' id='word_1_23' title='bbox 2885 849 2975 924; x_wconf 88' lang='lat' dir='ltr'><strong>li-</strong></span> 
     </span>
     <span class='ocr_line' id='line_1_5' title="bbox 852 973 2976 1072; baseline 0 -28"><span class='ocrx_word' id='word_1_24' title='bbox 852 974 1093 1046; x_wconf 89' lang='lat' dir='ltr'><strong>bentes</strong></span> <span class='ocrx_word' id='word_1_25' title='bbox 1148 977 1509 1070; x_wconf 82' lang='lat' dir='ltr'><strong>excipiant</strong></span> <span class='ocrx_word' id='word_1_26' title='bbox 1563 997 1605 1048; x_wconf 90' lang='lat' dir='ltr'><strong>a</strong></span> <span class='ocrx_word' id='word_1_27' title='bbox 1663 975 2136 1046; x_wconf 87' lang='lat' dir='ltr'><strong>sacerdotibus</strong></span> <span class='ocrx_word' id='word_1_28' title='bbox 2193 974 2569 1067; x_wconf 85' lang='lat' dir='ltr'><strong>probisque</strong></span> <span class='ocrx_word' id='word_1_29' title='bbox 2635 973 2812 1046; x_wconf 84' lang='lat' dir='ltr'><strong>viris</strong></span> <span class='ocrx_word' id='word_1_30' title='bbox 2845 993 2976 1072; x_wconf 13' lang='lat' dir='ltr'><strong>&#39;sa-</strong></span> 
     </span>
     <span class='ocr_line' id='line_1_6' title="bbox 849 1093 2970 1190; baseline -0.001 -23"><span class='ocrx_word' id='word_1_31' title='bbox 849 1117 1006 1167; x_wconf 90' lang='lat' dir='ltr'><strong>nam</strong></span> <span class='ocrx_word' id='word_1_32' title='bbox 1060 1097 1389 1190; x_wconf 85' lang='lat' dir='ltr'><strong>piamque</strong></span> <span class='ocrx_word' id='word_1_33' title='bbox 1444 1096 1862 1180; x_wconf 84' lang='lat' dir='ltr'><strong>doctrinam,</strong></span> <span class='ocrx_word' id='word_1_34' title='bbox 1923 1097 2011 1168; x_wconf 86' lang='lat' dir='ltr'><strong>ad</strong></span> <span class='ocrx_word' id='word_1_35' title='bbox 2074 1093 2496 1189; x_wconf 73' lang='lat' dir='ltr'><strong>probitatem</strong></span> <span class='ocrx_word' id='word_1_36' title='bbox 2559 1095 2970 1182; x_wconf 85' lang='lat' dir='ltr'><strong>educentur,</strong></span> 
     </span>
     <span class='ocr_line' id='line_1_7' title="bbox 848 1218 2972 1311; baseline 0 -22"><span class='ocrx_word' id='word_1_37' title='bbox 848 1220 1275 1290; x_wconf 85' lang='lat' dir='ltr'><strong>necessariis</strong></span> <span class='ocrx_word' id='word_1_38' title='bbox 1304 1219 1712 1292; x_wconf 86' lang='lat' dir='ltr'><strong>imbuantur</strong></span> <span class='ocrx_word' id='word_1_39' title='bbox 1750 1218 2186 1304; x_wconf 79' lang='lat' dir='ltr'><strong>notionibuS,</strong></span> <span class='ocrx_word' id='word_1_40' title='bbox 2217 1219 2572 1311; x_wconf 87' lang='lat' dir='ltr'><strong>utilesque</strong></span> <span class='ocrx_word' id='word_1_41' title='bbox 2609 1228 2972 1310; x_wconf 87' lang='lat' dir='ltr'><strong>praesten-</strong></span> 
     </span>
     <span class='ocr_line' id='line_1_8' title="bbox 849 1333 2969 1442; baseline -0.001 -32"><span class='ocrx_word' id='word_1_42' title='bbox 849 1348 967 1412; x_wconf 89' lang='lat' dir='ltr'><strong>tur</strong></span> <span class='ocrx_word' id='word_1_43' title='bbox 1022 1336 1153 1411; x_wconf 89' lang='lat' dir='ltr'><strong>sibi</strong></span> <span class='ocrx_word' id='word_1_44' title='bbox 1209 1359 1291 1410; x_wconf 88' lang='lat' dir='ltr'><strong>ac</strong></span> <span class='ocrx_word' id='word_1_45' title='bbox 1348 1339 1643 1434; x_wconf 83' lang='lat' dir='ltr'><strong>patriae.</strong></span> <span class='ocrx_word' id='word_1_46' title='bbox 1703 1334 2054 1442; x_wconf 81' lang='lat' dir='ltr'><strong>Quocirca</strong></span> <span class='ocrx_word' id='word_1_47' title='bbox 2111 1360 2268 1410; x_wconf 89' lang='lat' dir='ltr'><strong>cum</strong></span> <span class='ocrx_word' id='word_1_48' title='bbox 2324 1350 2430 1424; x_wconf 92' lang='lat' dir='ltr'><strong>tu,</strong></span> <span class='ocrx_word' id='word_1_49' title='bbox 2489 1333 2760 1412; x_wconf 86' lang='lat' dir='ltr'><strong>Dilectc</strong></span> <span class='ocrx_word' id='word_1_50' title='bbox 2815 1334 2969 1425; x_wconf 91' lang='lat' dir='ltr'><strong>Fili,</strong></span> 
     </span>
     <span class='ocr_line' id='line_1_9' title="bbox 847 1458 2969 1546; baseline 0 -15"><span class='ocrx_word' id='word_1_51' title='bbox 847 1480 993 1531; x_wconf 93' lang='lat' dir='ltr'><strong>non</strong></span> <span class='ocrx_word' id='word_1_52' title='bbox 1050 1461 1255 1532; x_wconf 90' lang='lat' dir='ltr'><strong>modo</strong></span> <span class='ocrx_word' id='word_1_53' title='bbox 1310 1461 1383 1531; x_wconf 91' lang='lat' dir='ltr'><strong>id</strong></span> <span class='ocrx_word' id='word_1_54' title='bbox 1440 1458 1834 1532; x_wconf 79' lang='lat' dir='ltr'><strong>faciendum</strong></span> <span class='ocrx_word' id='word_1_55' title='bbox 1891 1459 2223 1546; x_wconf 88' lang='lat' dir='ltr'><strong>suaseris,</strong></span> <span class='ocrx_word' id='word_1_56' title='bbox 2283 1480 2426 1531; x_wconf 90' lang='lat' dir='ltr'><strong>non</strong></span> <span class='ocrx_word' id='word_1_57' title='bbox 2481 1459 2690 1532; x_wconf 87' lang='lat' dir='ltr'><strong>modo</strong></span> <span class='ocrx_word' id='word_1_58' title='bbox 2755 1461 2969 1534; x_wconf 84' lang='lat' dir='ltr'><strong>totius</strong></span> 
     </span>
     <span class='ocr_line' id='line_1_10' title="bbox 848 1580 2968 1674; baseline 0.001 -22"><span class='ocrx_word' id='word_1_59' title='bbox 848 1580 1162 1671; x_wconf 82' lang='lat' dir='ltr'><strong>agendae</strong></span> <span class='ocrx_word' id='word_1_60' title='bbox 1217 1582 1321 1653; x_wconf 91' lang='lat' dir='ltr'><strong>rei</strong></span> <span class='ocrx_word' id='word_1_61' title='bbox 1377 1580 1781 1652; x_wconf 85' lang='lat' dir='ltr'><strong>methodum</strong></span> <span class='ocrx_word' id='word_1_62' title='bbox 1839 1580 2038 1664; x_wconf 85' lang='lat' dir='ltr'><strong>scita,</strong></span> <span class='ocrx_word' id='word_1_63' title='bbox 2093 1581 2492 1674; x_wconf 88' lang='lat' dir='ltr'><strong>perspicua,</strong></span> <span class='ocrx_word' id='word_1_64' title='bbox 2533 1591 2968 1674; x_wconf 81' lang='lat' dir='ltr'><strong>venustaque</strong></span> 
     </span>
     <span class='ocr_line' id='line_1_11' title="bbox 844 1695 2974 1794; baseline 0.001 -22"><span class='ocrx_word' id='word_1_65' title='bbox 844 1700 1339 1775; x_wconf 87' lang='lat' dir='ltr'><strong>lucubratione</strong></span> <span class='ocrx_word' id='word_1_66' title='bbox 1370 1701 1872 1793; x_wconf 80' lang='lat' dir='ltr'><strong>explicaveriS,</strong></span> <span class='ocrx_word' id='word_1_67' title='bbox 1906 1700 2056 1785; x_wconf 89' lang='lat' dir='ltr'><strong>sed,</strong></span> <span class='ocrx_word' id='word_1_68' title='bbox 2087 1695 2276 1793; x_wconf 89' lang='lat' dir='ltr'><strong>quod</strong></span> <span class='ocrx_word' id='word_1_69' title='bbox 2315 1702 2534 1794; x_wconf 81' lang='lat' dir='ltr'><strong>magis</strong></span> <span class='ocrx_word' id='word_1_70' title='bbox 2563 1712 2698 1786; x_wconf 89' lang='lat' dir='ltr'><strong>est,</strong></span> <span class='ocrx_word' id='word_1_71' title='bbox 2731 1723 2974 1776; x_wconf 83' lang='lat' dir='ltr'><strong>exem-</strong></span> 
     </span>
     <span class='ocr_line' id='line_1_12' title="bbox 844 1821 2975 1917; baseline 0 -25"><span class='ocrx_word' id='word_1_72' title='bbox 844 1823 962 1914; x_wconf 92' lang='lat' dir='ltr'><strong>plo</strong></span> <span class='ocrx_word' id='word_1_73' title='bbox 1018 1821 1474 1917; x_wconf 79' lang='lat' dir='ltr'><strong>praeluxeriS,</strong></span> <span class='ocrx_word' id='word_1_74' title='bbox 1536 1830 1610 1893; x_wconf 89' lang='lat' dir='ltr'><strong>et</strong></span> <span class='ocrx_word' id='word_1_75' title='bbox 1666 1842 1992 1914; x_wconf 84' lang='lat' dir='ltr'><strong>magnum</strong></span> <span class='ocrx_word' id='word_1_76' title='bbox 2049 1821 2342 1893; x_wconf 87' lang='lat' dir='ltr'><strong>istorum</strong></span> <span class='ocrx_word' id='word_1_77' title='bbox 2398 1842 2781 1913; x_wconf 85' lang='lat' dir='ltr'><strong>puerorum</strong></span> <span class='ocrx_word' id='word_1_78' title='bbox 2837 1843 2975 1893; x_wconf 91' lang='lat' dir='ltr'><strong>nu-</strong></span> 
     </span>
     <span class='ocr_line' id='line_1_13' title="bbox 842 1942 2971 2036; baseline -0.001 -20"><span class='ocrx_word' id='word_1_79' title='bbox 842 1965 1107 2017; x_wconf 88' lang='lat' dir='ltr'><strong>merum</strong></span> <span class='ocrx_word' id='word_1_80' title='bbox 1146 1946 1470 2028; x_wconf 84' lang='lat' dir='ltr'><strong>caritate,</strong></span> <span class='ocrx_word' id='word_1_81' title='bbox 1514 1943 1920 2036; x_wconf 84' lang='lat' dir='ltr'><strong>prudentia,</strong></span> <span class='ocrx_word' id='word_1_82' title='bbox 1961 1945 2362 2014; x_wconf 88' lang='lat' dir='ltr'><strong>constantia</strong></span> <span class='ocrx_word' id='word_1_83' title='bbox 2419 1964 2556 2015; x_wconf 91' lang='lat' dir='ltr'><strong>non</strong></span> <span class='ocrx_word' id='word_1_84' title='bbox 2613 1942 2782 2014; x_wconf 87' lang='lat' dir='ltr'><strong>satis</strong></span> <span class='ocrx_word' id='word_1_85' title='bbox 2818 1943 2971 2014; x_wconf 84' lang='lat' dir='ltr'><strong>lau-</strong></span> 
     </span>
     <span class='ocr_line' id='line_1_14' title="bbox 840 2063 2970 2155; baseline -0 -18"><span class='ocrx_word' id='word_1_86' title='bbox 840 2065 1075 2138; x_wconf 83' lang='lat' dir='ltr'><strong>danda</strong></span> <span class='ocrx_word' id='word_1_87' title='bbox 1128 2067 1481 2137; x_wconf 86' lang='lat' dir='ltr'><strong>excultum</strong></span> <span class='ocrx_word' id='word_1_88' title='bbox 1536 2075 1609 2138; x_wconf 89' lang='lat' dir='ltr'><strong>et</strong></span> <span class='ocrx_word' id='word_1_89' title='bbox 1665 2065 1753 2135; x_wconf 92' lang='lat' dir='ltr'><strong>ad</strong></span> <span class='ocrx_word' id='word_1_90' title='bbox 1809 2063 2172 2135; x_wconf 89' lang='lat' dir='ltr'><strong>meliorem</strong></span> <span class='ocrx_word' id='word_1_91' title='bbox 2237 2066 2506 2155; x_wconf 80' lang='lat' dir='ltr'><strong>frugem</strong></span> <span class='ocrx_word' id='word_1_92' title='bbox 2571 2064 2970 2136; x_wconf 81' lang='lat' dir='ltr'><strong>traductum</strong></span> 
     </span>
     <span class='ocr_line' id='line_1_15' title="bbox 842 2180 2970 2274; baseline -0.003 -12"><span class='ocrx_word' id='word_1_93' title='bbox 842 2186 1158 2262; x_wconf 86' lang='lat' dir='ltr'><strong>omnibus</strong></span> <span class='ocrx_word' id='word_1_94' title='bbox 1214 2184 1658 2272; x_wconf 88' lang='lat' dir='ltr'><strong>ostenderis;</strong></span> <span class='ocrx_word' id='word_1_95' title='bbox 1718 2184 1844 2255; x_wconf 92' lang='lat' dir='ltr'><strong>tibi</strong></span> <span class='ocrx_word' id='word_1_96' title='bbox 1902 2186 2338 2274; x_wconf 78' lang='lat' dir='ltr'><strong>gratulamur</strong></span> <span class='ocrx_word' id='word_1_97' title='bbox 2395 2203 2484 2254; x_wconf 84' lang='lat' dir='ltr'><strong>ex</strong></span> <span class='ocrx_word' id='word_1_98' title='bbox 2538 2180 2801 2268; x_wconf 88' lang='lat' dir='ltr'><strong>animo,</strong></span> <span class='ocrx_word' id='word_1_99' title='bbox 2853 2197 2970 2256; x_wconf 84' lang='lat' dir='ltr'><strong>to-</strong></span> 
     </span>
     <span class='ocr_line' id='line_1_16' title="bbox 845 2303 2972 2404; baseline -0.003 -22"><span class='ocrx_word' id='word_1_100' title='bbox 845 2322 1057 2404; x_wconf 87' lang='lat' dir='ltr'><strong>toque</strong></span> <span class='ocrx_word' id='word_1_101' title='bbox 1110 2307 1323 2380; x_wconf 87' lang='lat' dir='ltr'><strong>corde</strong></span> <span class='ocrx_word' id='word_1_102' title='bbox 1374 2308 1770 2380; x_wconf 86' lang='lat' dir='ltr'><strong>ominamur</strong></span> <span class='ocrx_word' id='word_1_103' title='bbox 1827 2327 1964 2378; x_wconf 88' lang='lat' dir='ltr'><strong>non</strong></span> <span class='ocrx_word' id='word_1_104' title='bbox 2023 2307 2252 2381; x_wconf 84' lang='lat' dir='ltr'><strong>solum</strong></span> <span class='ocrx_word' id='word_1_105' title='bbox 2305 2317 2382 2376; x_wconf 90' lang='lat' dir='ltr'><strong>ut</strong></span> <span class='ocrx_word' id='word_1_106' title='bbox 2433 2304 2530 2397; x_wconf 83' lang='lat' dir='ltr'><strong>pii</strong></span> <span class='ocrx_word' id='word_1_107' title='bbox 2585 2315 2658 2378; x_wconf 91' lang='lat' dir='ltr'><strong>et</strong></span> <span class='ocrx_word' id='word_1_108' title='bbox 2696 2303 2972 2378; x_wconf 87' lang='lat' dir='ltr'><strong>bonesti</strong></span> 
     </span>
     <span class='ocr_line' id='line_1_17' title="bbox 841 2425 2972 2523; baseline -0.001 -21"><span class='ocrx_word' id='word_1_109' title='bbox 841 2441 1090 2523; x_wconf 90' lang='lat' dir='ltr'><strong>coepto</strong></span> <span class='ocrx_word' id='word_1_110' title='bbox 1146 2440 1269 2501; x_wconf 94' lang='lat' dir='ltr'><strong>tuo</strong></span> <span class='ocrx_word' id='word_1_111' title='bbox 1326 2427 1684 2500; x_wconf 87' lang='lat' dir='ltr'><strong>ultroneas</strong></span> <span class='ocrx_word' id='word_1_112' title='bbox 1738 2425 2036 2498; x_wconf 85' lang='lat' dir='ltr'><strong>afferant</strong></span> <span class='ocrx_word' id='word_1_113' title='bbox 2091 2447 2304 2520; x_wconf 91' lang='lat' dir='ltr'><strong>opum</strong></span> <span class='ocrx_word' id='word_1_114' title='bbox 2361 2436 2434 2498; x_wconf 91' lang='lat' dir='ltr'><strong>et</strong></span> <span class='ocrx_word' id='word_1_115' title='bbox 2487 2427 2718 2520; x_wconf 86' lang='lat' dir='ltr'><strong>operis</strong></span> <span class='ocrx_word' id='word_1_116' title='bbox 2795 2447 2972 2519; x_wconf 90' lang='lat' dir='ltr'><strong>sup-</strong></span> 
     </span>
     <span class='ocr_line' id='line_1_18' title="bbox 838 2545 2968 2647; baseline -0.002 -23"><span class='ocrx_word' id='word_1_117' title='bbox 838 2550 1095 2647; x_wconf 81' lang='lat' dir='ltr'><strong>petiaS,</strong></span> <span class='ocrx_word' id='word_1_118' title='bbox 1152 2549 1276 2624; x_wconf 87' lang='lat' dir='ltr'><strong>sed</strong></span> <span class='ocrx_word' id='word_1_119' title='bbox 1332 2548 1452 2621; x_wconf 88' lang='lat' dir='ltr'><strong>alii</strong></span> <span class='ocrx_word' id='word_1_120' title='bbox 1506 2570 1786 2643; x_wconf 90' lang='lat' dir='ltr'><strong>quoque</strong></span> <span class='ocrx_word' id='word_1_121' title='bbox 1842 2557 1914 2618; x_wconf 94' lang='lat' dir='ltr'><strong>et</strong></span> <span class='ocrx_word' id='word_1_122' title='bbox 1968 2545 2086 2618; x_wconf 91' lang='lat' dir='ltr'><strong>alii</strong></span> <span class='ocrx_word' id='word_1_123' title='bbox 2143 2567 2479 2620; x_wconf 89' lang='lat' dir='ltr'><strong>successu</strong></span> <span class='ocrx_word' id='word_1_124' title='bbox 2518 2545 2804 2619; x_wconf 88' lang='lat' dir='ltr'><strong>invitati</strong></span> <span class='ocrx_word' id='word_1_125' title='bbox 2843 2569 2968 2620; x_wconf 91' lang='lat' dir='ltr'><strong>sa-</strong></span> 
     </span>
     <span class='ocr_line' id='line_1_19' title="bbox 836 2668 2968 2761; baseline -0.002 -15"><span class='ocrx_word' id='word_1_126' title='bbox 836 2674 971 2747; x_wconf 83' lang='lat' dir='ltr'><strong>luti</strong></span> <span class='ocrx_word' id='word_1_127' title='bbox 1024 2674 1417 2746; x_wconf 86' lang='lat' dir='ltr'><strong>animarum</strong></span> <span class='ocrx_word' id='word_1_128' title='bbox 1470 2670 1722 2744; x_wconf 87' lang='lat' dir='ltr'><strong>iisdem</strong></span> <span class='ocrx_word' id='word_1_129' title='bbox 1761 2670 2024 2741; x_wconf 87' lang='lat' dir='ltr'><strong>artibus</strong></span> <span class='ocrx_word' id='word_1_130' title='bbox 2063 2670 2466 2761; x_wconf 82' lang='lat' dir='ltr'><strong>prospicere</strong></span> <span class='ocrx_word' id='word_1_131' title='bbox 2507 2668 2861 2756; x_wconf 82' lang='lat' dir='ltr'><strong>studeant,</strong></span> <span class='ocrx_word' id='word_1_132' title='bbox 2893 2680 2968 2745; x_wconf 88' lang='lat' dir='ltr'><strong>et</strong></span> 
     </span>
     <span class='ocr_line' id='line_1_20' title="bbox 834 2788 2966 2885; baseline -0.002 -17"><span class='ocrx_word' id='word_1_133' title='bbox 834 2794 1133 2868; x_wconf 78' lang='lat' dir='ltr'><strong>fructum</strong></span> <span class='ocrx_word' id='word_1_134' title='bbox 1186 2814 1229 2865; x_wconf 86' lang='lat' dir='ltr'><strong>a</strong></span> <span class='ocrx_word' id='word_1_135' title='bbox 1286 2803 1353 2863; x_wconf 84' lang='lat' dir='ltr'><strong>te</strong></span> <span class='ocrx_word' id='word_1_136' title='bbox 1390 2793 1529 2863; x_wconf 87' lang='lat' dir='ltr'><strong>iam</strong></span> <span class='ocrx_word' id='word_1_137' title='bbox 1566 2802 1971 2885; x_wconf 87' lang='lat' dir='ltr'><strong>perceptum</strong></span> <span class='ocrx_word' id='word_1_138' title='bbox 2011 2810 2396 2883; x_wconf 79' lang='lat' dir='ltr'><strong>propagare</strong></span> <span class='ocrx_word' id='word_1_139' title='bbox 2429 2802 2504 2861; x_wconf 92' lang='lat' dir='ltr'><strong>et</strong></span> <span class='ocrx_word' id='word_1_140' title='bbox 2541 2788 2966 2883; x_wconf 82' lang='lat' dir='ltr'><strong>amplificare</strong></span> 
     </span>
     <span class='ocr_line' id='line_1_21' title="bbox 834 2908 2970 3004; baseline -0.003 -15"><span class='ocrx_word' id='word_1_141' title='bbox 834 2914 1176 2989; x_wconf 86' lang='lat' dir='ltr'><strong>nitantur.</strong></span> <span class='ocrx_word' id='word_1_142' title='bbox 1217 2909 1447 2988; x_wconf 90' lang='lat' dir='ltr'><strong>Deum</strong></span> <span class='ocrx_word' id='word_1_143' title='bbox 1484 2908 1623 2985; x_wconf 88' lang='lat' dir='ltr'><strong>Nos</strong></span> <span class='ocrx_word' id='word_1_144' title='bbox 1662 2912 1792 2983; x_wconf 90' lang='lat' dir='ltr'><strong>tibi</strong></span> <span class='ocrx_word' id='word_1_145' title='bbox 1850 2923 2112 3003; x_wconf 89' lang='lat' dir='ltr'><strong>tuoque</strong></span> <span class='ocrx_word' id='word_1_146' title='bbox 2169 2909 2363 3003; x_wconf 88' lang='lat' dir='ltr'><strong>operi</strong></span> <span class='ocrx_word' id='word_1_147' title='bbox 2421 2910 2802 3004; x_wconf 85' lang='lat' dir='ltr'><strong>propitium</strong></span> <span class='ocrx_word' id='word_1_148' title='bbox 2841 2912 2970 2983; x_wconf 81' lang='lat' dir='ltr'><strong>ad-</strong></span> 
     </span>
     <span class='ocr_line' id='line_1_22' title="bbox 832 3027 2970 3132; baseline -0.003 -21"><span class='ocrx_word' id='word_1_149' title='bbox 832 3058 1207 3132; x_wconf 83' lang='lat' dir='ltr'><strong>precamur</strong></span> <span class='ocrx_word' id='word_1_150' title='bbox 1236 3056 1263 3123; x_wconf 77' lang='lat'>3</span> <span class='ocrx_word' id='word_1_151' title='bbox 1316 3036 1611 3127; x_wconf 88' lang='lat' dir='ltr'><strong>eiusque</strong></span> <span class='ocrx_word' id='word_1_152' title='bbox 1649 3032 1909 3105; x_wconf 86' lang='lat' dir='ltr'><strong>favoris</strong></span> <span class='ocrx_word' id='word_1_153' title='bbox 1947 3034 2301 3124; x_wconf 83' lang='lat' dir='ltr'><strong>auspicem</strong></span> <span class='ocrx_word' id='word_1_154' title='bbox 2329 3044 2408 3103; x_wconf 85' lang='lat' dir='ltr'><strong>et</strong></span> <span class='ocrx_word' id='word_1_155' title='bbox 2445 3040 2790 3124; x_wconf 83' lang='lat' dir='ltr'><strong>paternae</strong></span> <span class='ocrx_word' id='word_1_156' title='bbox 2819 3027 2970 3105; x_wconf 88' lang='lat' dir='ltr'><strong>No-</strong></span> 
     </span>
     <span class='ocr_line' id='line_1_23' title="bbox 831 3148 2965 3247; baseline -0.003 -15"><span class='ocrx_word' id='word_1_157' title='bbox 831 3171 1023 3232; x_wconf 77' lang='lat' dir='ltr'><strong>strae</strong></span> <span class='ocrx_word' id='word_1_158' title='bbox 1077 3155 1619 3231; x_wconf 81' lang='lat' dir='ltr'><strong>benevolentiae</strong></span> <span class='ocrx_word' id='word_1_159' title='bbox 1675 3156 1934 3247; x_wconf 76' lang='lat' dir='ltr'><strong>pignus</strong></span> <span class='ocrx_word' id='word_1_160' title='bbox 1998 3152 2158 3237; x_wconf 88' lang='lat' dir='ltr'><strong>tibi,</strong></span> <span class='ocrx_word' id='word_1_161' title='bbox 2218 3148 2487 3225; x_wconf 87' lang='lat' dir='ltr'><strong>Dilecte</strong></span> <span class='ocrx_word' id='word_1_162' title='bbox 2539 3148 2704 3241; x_wconf 90' lang='lat' dir='ltr'><strong>Fili,</strong></span> <span class='ocrx_word' id='word_1_163' title='bbox 2743 3164 2965 3247; x_wconf 84' lang='lat' dir='ltr'><strong>atque</strong></span> 
     </span>
     <span class='ocr_line' id='line_1_24' title="bbox 834 3275 2968 3373; baseline -0.005 -18"><span class='ocrx_word' id='word_1_164' title='bbox 834 3283 953 3367; x_wconf 85' lang='lat' dir='ltr'><strong>iis,</strong></span> <span class='ocrx_word' id='word_1_165' title='bbox 1010 3279 1135 3373; x_wconf 89' lang='lat' dir='ltr'><strong>qui</strong></span> <span class='ocrx_word' id='word_1_166' title='bbox 1190 3280 1311 3351; x_wconf 87' lang='lat' dir='ltr'><strong>vel</strong></span> <span class='ocrx_word' id='word_1_167' title='bbox 1369 3276 1494 3347; x_wconf 90' lang='lat' dir='ltr'><strong>tibi</strong></span> <span class='ocrx_word' id='word_1_168' title='bbox 1550 3276 2027 3367; x_wconf 80' lang='lat' dir='ltr'><strong>suffragantur</strong></span> <span class='ocrx_word' id='word_1_169' title='bbox 2064 3324 2084 3361; x_wconf 91' lang='lat'>‚</span> <span class='ocrx_word' id='word_1_170' title='bbox 2144 3276 2264 3353; x_wconf 77' lang='lat' dir='ltr'><strong>vel</strong></span> <span class='ocrx_word' id='word_1_171' title='bbox 2321 3275 2508 3347; x_wconf 88' lang='lat' dir='ltr'><strong>idem</strong></span> <span class='ocrx_word' id='word_1_172' title='bbox 2563 3292 2740 3368; x_wconf 83' lang='lat' dir='ltr'><strong>opus</strong></span> <span class='ocrx_word' id='word_1_173' title='bbox 2799 3287 2968 3347; x_wconf 82' lang='lat' dir='ltr'><strong>sunt</strong></span> 
     </span>
     <span class='ocr_line' id='line_1_25' title="bbox 830 3393 2967 3492; baseline -0.004 -17"><span class='ocrx_word' id='word_1_174' title='bbox 830 3400 1255 3492; x_wconf 77' lang='lat' dir='ltr'><strong>suscepturi,</strong></span> <span class='ocrx_word' id='word_1_175' title='bbox 1290 3400 1405 3473; x_wconf 83' lang='lat' dir='ltr'><strong>vel</strong></span> <span class='ocrx_word' id='word_1_176' title='bbox 1443 3418 1520 3469; x_wconf 87' lang='lat' dir='ltr'><strong>se</strong></span> <span class='ocrx_word' id='word_1_177' title='bbox 1574 3397 1920 3472; x_wconf 88' lang='lat' dir='ltr'><strong>eiusmodi</strong></span> <span class='ocrx_word' id='word_1_178' title='bbox 1977 3399 2136 3490; x_wconf 88' lang='lat' dir='ltr'><strong>piae</strong></span> <span class='ocrx_word' id='word_1_179' title='bbox 2195 3393 2622 3471; x_wconf 87' lang='lat' dir='ltr'><strong>institutioni</strong></span> <span class='ocrx_word' id='word_1_180' title='bbox 2681 3396 2967 3467; x_wconf 85' lang='lat' dir='ltr'><strong>commi-</strong></span> 
     </span>
     <span class='ocr_line' id='line_1_26' title="bbox 830 3510 2963 3610; baseline -0.005 -13"><span class='ocrx_word' id='word_1_181' title='bbox 830 3532 1081 3596; x_wconf 86' lang='lat' dir='ltr'><strong>serunt</strong></span> <span class='ocrx_word' id='word_1_182' title='bbox 1108 3568 1131 3606; x_wconf 95' lang='lat'><strong>,</strong></span> <span class='ocrx_word' id='word_1_183' title='bbox 1184 3529 1259 3591; x_wconf 88' lang='lat' dir='ltr'><strong>et</strong></span> <span class='ocrx_word' id='word_1_184' title='bbox 1330 3520 1778 3590; x_wconf 88' lang='lat' dir='ltr'><strong>committent</strong></span> <span class='ocrx_word' id='word_1_185' title='bbox 1849 3513 2328 3610; x_wconf 87' lang='lat' dir='ltr'><strong>Apostolieam</strong></span> <span class='ocrx_word' id='word_1_186' title='bbox 2385 3510 2963 3589; x_wconf 68' lang='lat' dir='ltr'><strong>Bene-‚dictionem</strong></span> 
     </span>
     <span class='ocr_line' id='line_1_27' title="bbox 830 3622 1798 3737; baseline -0.009 -19"><span class='ocrx_word' id='word_1_187' title='bbox 830 3652 1283 3737; x_wconf 88' lang='lat' dir='ltr'><strong>peramanter</strong></span> <span class='ocrx_word' id='word_1_188' title='bbox 1335 3622 1798 3733; x_wconf 75' lang='lat' dir='ltr'><strong>impertimus·</strong></span> 
     </span>
    </p>

    <p class='ocr_par' dir='ltr' id='par_1_3' title="bbox 826 3746 2964 3961">
     <span class='ocr_line' id='line_1_28' title="bbox 1040 3746 2964 3854; baseline -0.002 -19"><span class='ocrx_word' id='word_1_189' title='bbox 1040 3760 1306 3837; x_wconf 87' lang='lat' dir='ltr'><strong>Datum</strong></span> <span class='ocrx_word' id='word_1_190' title='bbox 1360 3757 1629 3836; x_wconf 87' lang='lat' dir='ltr'><strong>Romae</strong></span> <span class='ocrx_word' id='word_1_191' title='bbox 1707 3760 1890 3854; x_wconf 86' lang='lat' dir='ltr'><strong>apud</strong></span> <span class='ocrx_word' id='word_1_192' title='bbox 1965 3756 2038 3831; x_wconf 90' lang='lat' dir='ltr'><strong>S.</strong></span> <span class='ocrx_word' id='word_1_193' title='bbox 2098 3756 2393 3832; x_wconf 89' lang='lat' dir='ltr'><strong>Petrum</strong></span> <span class='ocrx_word' id='word_1_194' title='bbox 2456 3758 2576 3829; x_wconf 83' lang='lat' dir='ltr'><strong>die</strong></span> <span class='ocrx_word' id='word_1_195' title='bbox 2635 3746 2756 3829; x_wconf 84' lang='lat'><strong>19.</strong></span> <span class='ocrx_word' id='word_1_196' title='bbox 2813 3752 2964 3831; x_wconf 90' lang='lat' dir='ltr'><strong>De-</strong></span> 
     </span>
     <span class='ocr_line' id='line_1_29' title="bbox 826 3872 2964 3961; baseline -0.004 -1"><span class='ocrx_word' id='word_1_197' title='bbox 826 3883 1127 3961; x_wconf 87' lang='lat' dir='ltr'><strong>cembris</strong></span> <span class='ocrx_word' id='word_1_198' title='bbox 1163 3879 1369 3957; x_wconf 82' lang='lat' dir='ltr'><strong>Anno</strong></span> <span class='ocrx_word' id='word_1_199' title='bbox 1430 3872 1660 3956; x_wconf 77' lang='lat'><strong>1872.</strong></span> <span class='ocrx_word' id='word_1_200' title='bbox 1717 3876 2176 3955; x_wconf 86' lang='lat' dir='ltr'><strong>Pontificatus</strong></span> <span class='ocrx_word' id='word_1_201' title='bbox 2215 3874 2458 3952; x_wconf 81' lang='lat' dir='ltr'><strong>Nostri</strong></span> <span class='ocrx_word' id='word_1_202' title='bbox 2493 3873 2706 3951; x_wconf 82' lang='lat' dir='ltr'><strong>Anno</strong></span> <span class='ocrx_word' id='word_1_203' title='bbox 2745 3872 2964 3951; x_wconf 85' lang='lat' dir='ltr'><strong>Vice-</strong></span> 
     </span>
    </p>
   </div>
   <div class='ocr_carea' id='block_1_3' title="bbox 828 4006 1389 4101">
    <p class='ocr_par' dir='ltr' id='par_1_4' title="bbox 828 4006 1389 4101">
     <span class='ocr_line' id='line_1_30' title="bbox 828 4006 1389 4101; baseline -0.004 -21"><span class='ocrx_word' id='word_1_204' title='bbox 828 4008 1007 4081; x_wconf 84' lang='lat' dir='ltr'><strong>simo</strong></span> <span class='ocrx_word' id='word_1_205' title='bbox 1062 4006 1389 4101; x_wconf 84' lang='lat' dir='ltr'><strong>septimo.</strong></span> 
     </span>
    </p>
   </div>
   <div class='ocr_carea' id='block_1_4' title="bbox 1589 4217 2170 4319">
    <p class='ocr_par' dir='ltr' id='par_1_5' title="bbox 1589 4217 2170 4319">
     <span class='ocr_line' id='line_1_31' title="bbox 1589 4217 2170 4319; baseline -0.005 0"><span class='ocrx_word' id='word_1_206' title='bbox 1589 4238 1794 4319; x_wconf 78' lang='lat' dir='ltr'><strong>Ptvs</strong></span> <span class='ocrx_word' id='word_1_207' title='bbox 1849 4217 2170 4318; x_wconf 81' lang='lat' dir='ltr'>PP.&#39;1x.</span> 
     </span>
    </p>
   </div>
   <div class='ocr_carea' id='block_1_5' title="bbox 3257 2706 3267 3403">
    <p class='ocr_par' dir='ltr' id='par_1_6' title="bbox 3257 2706 3267 3403">
     <span class='ocr_line' id='line_1_32' title="bbox 3257 2706 3267 3403; baseline 0 0"><span class='ocrx_word' id='word_1_208' title='bbox 3257 2706 3267 3403; x_wconf 95' lang='lat' dir='ltr'><strong> </strong></span> 
     </span>
    </p>
   </div>
   <div class='ocr_carea' id='block_1_6' title="bbox 3254 3844 3270 5017">
    <p class='ocr_par' dir='ltr' id='par_1_7' title="bbox 3254 3844 3270 5017">
     <span class='ocr_line' id='line_1_33' title="bbox 3254 3844 3270 5017; baseline 0 0"><span class='ocrx_word' id='word_1_209' title='bbox 3254 3844 3270 5017; x_wconf 95' lang='lat' dir='ltr'><strong> </strong></span> 
     </span>
    </p>
   </div>
  </div>
 </body>
</html>
