3292 5275
306 657 383 719 ut
440 626 903 726 misereatur,
945 646 1147 716 euius
1204 655 1368 718 sunt
1424 662 1635 716 voees
1719 644 1880 716 illae
1939 632 2432 717 dulcissimaez

316 790 351 835 ιι
396 766 882 838 convertimini
934 777 1013 837 et
1071 766 1285 855 agite.
1340 765 1850 856 poenitentiam
1938 764 2028 837 ab
2112 768 2432 839 omnibus

312 910 347 955 ι)
394 887 949 981 inquinamentis
1004 886 1285 971 vestris,
1324 897 1398 958 et
1435 903 1566 957 non
1605 887 1742 956 erit
1779 872 2000 958 vobis⁴
2028 874 2104 958 in
2154 888 2436 959 ruinam

310 1032 343 1077 ιι
391 1010 753 1102 iniquitas.
814 988 1239 1081 Proiieite'a
1294 1008 1498 1080 vobis
1562 1029 1807 1080 omnes
1877 994 2438 1101 praevaricatio-

314 1154 349 1200 »
398 1150 523 1202 nes
578 1139 882 1213 vestras,
924 1128 991 1199 in
1034 1114 1293 1223 quibus
1351 1130 1814 1222 praevaricati
1857 1130 2062 1218 estis»,
2100 1140 2172 1201 et
2229 1132 2434 1204 facite

312 1274 349 1321 ιι
394 1252 595 1324 vobis
673 1274 795 1323 eor
879 1271 1135 1322 novum
1194 1261 1265 1322 et
1326 1252 1650 1343 spiritum
1711 1272 2077 1323 novum..
2115 1304 2130 1321 .
2167 1305 2184 1321 .
2253 1247 2437 1339 Quia

313 1395 348 1441 n
397 1376 559 1446 nolo
615 1360 908 1444 mortem
965 1373 1365 1456 morientia,
1407 1373 1585 1444 dieit
1645 1367 1988 1444 Dominus
2025 1356 2282 1443 'Deusz
2324 1392 2439 1443 re-

314 1517 349 1563 »
398 1492 756 1567 vertimini
814 1502 885 1564 et
944 1493 1269 1567 vivite.»
1318 1488 1429 1565 Ex
1484 1515 1627 1587 quo
1683 1492 1850 1564 iilud
1929 1494 2136 1564 facile
2193 1514 2438 1563 eonse-

308 1628 592 1711 quetur,
652 1623 731 1688 ut
788 1623 1235 1705 agnoscatur,
1292 1636 1507 1708 quam
1561 1614 1813 1704 dignus
1872 1633 2108 1684 amore
2165 1614 2258 1684 sit
2315 1633 2440 1703 pa-

308 1750 417 1810 ter
473 1738 646 1808 adeo
702 1737 927 1807 bonus
984 1756 1061 1807 ae
1118 1734 1539 1816 miseriem-S,
1598 1734 1898 1825 indeque
1957 1733 2210 1805 subeat
2263 1753 2436 1805 con-

312 1858 671 1941 sideratio,
710 1878 915 1949 quam
972 1852 1253 1945 indigna
1298 1864 1494 1927 tanta
1551 1840 1866 1926 bonitate
1907 1853 2088 1925 ratio
2145 1854 2236 1923 sit
2275 1846 2434 1925 eum

310 1978 711 2062 offendere,
768 1978 967 2050 dolor
1020 1966 1325 2070 deniqne
1412 1976 1694 2049 intimus
1751 1975 2045 2060 oriatur,
2103 1996 2182 2045 ac
2239 1975 2434 2045 dete·

308 2103 521 2173 statio
605 2110 1077 2192 peecatorum,
1134 2110 1462 2191 certaque
1520 2118 1595 2169 ac
1653 2096 2038 2167 deliberata
2101 2088 2436 2167 voluntas

306 2222 529 2297 vitam
586 2203 665 2291 et'
706 2240 937 2292 mores
997 2219 1440 2291 emendandi.
1995 2208 2004 2215 ’

520 2340 623 2414 Ita
662 2326 985 2413 internae
1024 2350 1305 2413 ostensa
1348 2340 1822 2433 poenitentiae
1864 2336 2313 2419 necessitate,
2355 2336 2438 2407 ad

308 2483 603 2557 eamque
642 2460 1064 2555 eompar'atis
1098 2445 1451 2535 Fidelium
1484 2459 1762 2545 animiS‚
1794 2458 1879 2533 de
1920 2454 2166 2530 eadem
2196 2467 2442 2549 quate-

298 2606 445 2659 nus
468 2594 975 2657 sacramentum
1004 2594 1134 2667 est,
1160 2582 1534 2674 diligenter
1562 2584 1973 2655 doeeantur.
2003 2572 2438 2650 Admoneant

309 2728 431 2780 eos
485 2703 787 2778 ministri
846 2705 1045 2777 verbi
1102 2697 1407 2784 Domini,
1456 2725 1672 2798 aeque
1729 2691 2228 2776 necessarium
2279 2717 2438 2771 esse

306 2826 483 2901 illud
536 2826 1121 2917 degenerantibus
1181 2837 1339 2919 post
1376 2823 1848 2919 Baptismum,
1887 2841 2101 2917 quam
2157 2817 2439 2912 Baptis-

310 2969 502 3020 mum
544 2950 775 3040 ipsum
832 2948 1143 3020 nondum
1202 2945 1656 3036 regeneratis,
1697 2935 1980 3016 merito
2001 2935 2294 3036 proinde
2334 2939 2440 3010 di-

312 3078 503 3142 etum
545 3091 579 3138 «
610 3071 985 3141 secundam
1018 3067 1329 3140 tabulam
1369 3075 1529 3160 post
1561 3065 2052 3155 naufragium,
2062 3085 2096 3130 ιι
2123 3083 2258 3156 qua
2289 3069 2440 3132 -una

287 3190 381 3260 ·in
422 3200 743 3262 aeternae
774 3188 1019 3262 salutis
1058 3201 1335 3281 portum
1371 3187 1575 3258 iieeat
1614 3187 2028 3279 pervenire:
2059 3185 2440 3260 ostendant

311 3333 453 3406 quo
510 3331 717 3382 sensu
772 3307 1033 3381 doloris
1090 3320 1163 3380 et
1214 3309 1651 3395 humilitatis,
1710 3329 1850 3402 qua
1919 3297 2076 3393 fide,
2133 3295 2274 3400 qua
2332 3303 2440 3376 inss-

314 3433 635 3524 tegritate
692 3429 1003 3504 confiteri
1060 3441 1350 3523 peecata
1409 3437 1539 3501 sua'
1592 3428 1939 3500 debeant:
1992 3427 2210 3519 neque
2267 3425 2441 3498 illud

310 3539 565 3626 doeere
623 3537 1196 3646 praetermittant,
1254 3551 1764 3623 contessionem
1815 3535 2222 3639 ‘generalem
2281 3566 2441 3638 per·-

311 3675 523 3764 saepe
579 3657 818 3744 utitem
876 3693 1061 3756 esse,
1120 3673 1335 3744 certis
1394 3683 1623 3744 autem
1683 3671 1752 3742 in
1811 3670 2114 3744 casibus:
2155 3661 2438 3739 omnino

307 3794 825 3867 neeessariam.
886 3793 1125 3866 abluta
1183 3815 1357 3866 vero
1430 3814 1557 3885 per
1612 3793 2136 3864 absolutionem
2193 3788 2432 3879 eulpa,

310 3922 737 4007 aeternaque
796 3933 1011 4004 poena
1070 3913 1491 3996 condonata,
1534 3914 1994 4028 temporalem
2033 3912 2438 4003 plerumque

311 4055 739 4128 superesse3
790 4036 893 4105 ita
949 4033 1233 4105 omnino
1316 4019 1553 4105 divina
1612 4033 1966 4150 exigente
2011 4031 2306 4112 iustitia,
2363 4036 2440 4098 ut

310 4157 553 4249 poenis
611 4158 858 4226 saltem
918 4167 1226 4248 tempore
1282 4139 1591 4226 definitis
1677 4143 2102 4245 puniantur
2127 4154 2236 4235 ii,
2265 4169 2444 4244 quo-

310 4297 469 4348 rum
529 4277 913 4348 sceleribus
971 4295 1101 4347 nee
1158 4277 1307 4367 ipsa
1364 4262 1591 4348 nuliis
1631 4273 1916 4346 definita
1973 4263 2304 4365 temporis
2353 4269 2442 4341 fi..

309 4397 521 4470 nibus
578 4395 917 4490 supplicia
975 4379 1145 4467 satis
1202 4377 1409 4486 digna
1462 4383 1784 4468 fuissent.
1829 4387 1948 4465 Sic
2004 4392 2435 4485 praeparatis
