3292 5275
2281 522 2434 607 185

312 658 443 738 Dei
483 672 619 749 est,
648 675 727 737 et
762 675 967 739 actus
1019 667 1175 739 eius
1228 675 1339 738 est
1374 680 1547 759 opus
1582 665 1672 737 ad
1707 663 2009 739 salutem
2043 669 2432 759 pertinens,

310 802 455 878 qno
510 786 721 861 bomo
772 784 1064 861 liberam
1138 794 1449 878 praestat
1501 785 1633 877 ipsi
1697 780 1848 859 Deo
1901 784 2376 861 obedientiam
2407 837 2430 873 ,

310 906 577 996 gratiae
650 905 801 979 cius
833 956 855 991 ,
914 906 1029 979 eui
1086 905 1411 980 resistere
1465 916 1755 997 posset,
1813 906 2310 981 consentiendo
2362 918 2434 980 et
2573 962 2580 969 .

310 1027 777 1120 cooperando.

526 1142 751 1221 Porro
800 1146 941 1220 lide
1014 1148 1263 1221 divina
1310 1156 1385 1219 et
1437 1148 1781 1222 catholica
1839 1170 1920 1221 ea
1971 1146 2206 1221 omnia
2279 1166 2436 1221 cre-

308 1264 543 1340 denda
594 1277 794 1352 sunt,
844 1290 1033 1362 quae
1098 1270 1173 1340 in
1226 1268 1443 1343 verbo
1496 1264 1633 1341 Dei
1689 1266 1952 1361 scripto
2004 1268 2118 1342 vel
2171 1269 2434 1342 tradito

308 1390 797 1474 continentur,
832 1398 909 1463 et
946 1388 1037 1461 ab
1072 1385 1392 1463 Ecclesia
1447 1389 1599 1464 sive
1628 1388 1924 1463 solemni
1971 1382 2230 1463 iudicio
2277 1392 2430 1463 sive

304 1510 679 1585 ominario
732 1522 805 1583 et
858 1512 1247 1586 universali
1302 1512 1706 1604 magisterio
1761 1522 2119 1605 tamquam
2177 1511 2434 1587 divini-

308 1640 431 1705 tus
486 1632 797 1706 revelata
850 1632 1201 1707 credenda
1256 1642 1772 1726 proponuntur.

518 1744 876 1839 Quoniam
926 1774 1103 1827 vcro
1154 1752 1309 1827 sine
1347 1752 1483 1825 fide
1520 1750 1946 1846 impossibile
2001 1764 2110 1825 est
2157 1750 2433 1846 placere

307 1864 491 1957 Deo,
538 1882 621 1943 et
658 1872 747 1944 ad
780 1871 1085 1947 filiorum
1138 1873 1289 1949 eius
1344 1872 1768 1948 consortium
1823 1872 2238 1965 pervenit-(23
2273 1870 2432 1946 ideo

304 1988 573 2063 nemini
627 2012 943 2086 unquam
978 1994 1129 2067 sine
1187 1992 1305 2067 illa
1356 1993 1654 2085 contigit
1681 1990 2125 2077 iustificatio,
2163 2014 2291 2065 neo
2325 1994 2436 2067 nl-

304 2112 451 2193 lus,
508 2114 651 2185 nisi
690 2112 761 2185 in
810 2136 896 2188 ea
953 2116 1507 2208 perseveraverit
1562 2134 1785 2209 usque
1823 2112 1894 2186 in
1930 2112 2170 2197 linem,
2207 2113 2430 2187 vitam

308 2242 673 2306 aeternam
726 2248 1168 2331 assequetur.
1225 2232 1319 2308 Ut
1374 2248 1611 2310 autem
1666 2234 1891 2310 officio
1917 2254 2168 2308 veram
2219 2232 2430 2307 fidem

304 2355 825 2446 amplectendi,
884 2357 957 2429 in
1012 2378 1236 2453 eaque
1309 2367 1714 2430 constanter
1767 2353 2266 2449 perseverandi
2317 2375 2433 2427 sa·-

302 2475 639 2549 tisraeere
692 2498 1078 2569 possemus,
1130 2472 1324 2553 Deus
1362 2500 1489 2571 per
1536 2474 1796 2552 Filium
1847 2496 2058 2549 suum
2109 2476 2430 2567 unigeni-

304 2608 463 2670 tum
518 2590 916 2671 Ecclesiam
954 2596 1290 2684 instituit,
1330 2618 1635 2694 suaeque
1685 2596 2152 2671 institutionis
2203 2598 2430 2669 mani-

304 2719 513 2791 festis
568 2718 754 2792 notis
808 2717 1165 2807 instruxit,
1220 2732 1304 2794 ut
1356 2741 1438 2792 ea
1490 2729 1844 2813 tamquam
1893 2729 2132 2791 eustos
2165 2725 2238 2789 et
2275 2737 2432 2789 ma-

304 2837 525 2930 gistra
570 2837 783 2912 'verbi
839 2841 1137 2914 revelati
1174 2841 1259 2912 ab
1296 2841 1625 2914 omnibus
1679 2851 1916 2934 posset
1967 2839 2275 2929 agnosci.
2317 2833 2426 2910 Ad

305 2958 531 3032 solam
554 2959 747 3032 enim
772 2959 1189 3034 catholicam
1214 2957 1609 3036 Ecclesiam
1647 2967 1742 3034 ea'
1773 2961 2130 3054 pertinent
2165 2959 2423 3042 omnia,

304 3099 491 3172 quae
546 3080 637 3151 ad
690 3079 1087 3166 evidentem
1162 3081 1321 3153 fidei
1382 3083 1810 3155 christianae
1891 3077 2426 3153 credibilitatcm

308 3211 453 3271 tam
508 3199 728 3274 multa
755 3211 828 3274 et
868 3212 1017 3274 tam
1053 3203 1227 3274 mira
1260 3199 1605 3276 divinitus
1642 3212 1810 3274 sunt
1837 3199 2196 3293 disposita.
2238 3192 2423 3285 Quin

302 3319 519 3394 etiam
575 3316 893 3396 Ecclesia
952 3343 1077 3416 per
1130 3343 1206 3394 se
1261 3324 1439 3417 ipsa,
1495 3324 1585 3394 ob
1640 3341 1846 3395 suam
1900 3340 2154 3412 nempe
2199 3317 2424 3390 admi·-

306 3441 601 3514 rabilem
640 3443 1233 3537 propagationem,
1269 3443 1597 3515 eximiam
1653 3443 2092 3514 sanctitatem
2118 3450 2191 3510 et
2229 3439 2424 3512 inex-

302 3563 635 3637 haustam
676 3563 749 3633 in
786 3562 1113 3636 omnibus
1165 3562 1369 3636 bonis
1423 3563 2005 3646 foecunditatem,
2041 3559 2128 3634 ob
2181 3559 2424 3632 catho-

302 3681 513 3755 licam
566 3681 937 3766 unitatem,
993 3683 1474 3778 invictamque
1530 3683 1992 3756 stabilitatem
2018 3729 2039 3764 ‚
2097 3701 2419 3770 magnum

300 3803 649 3898 quoddam
698 3812 771 3874 et
825 3813 1231 3897 perpetuum
1270 3814 1381 3878 cst
1430 3805 1778 3880 motivum
1833 3801 2309 3876 credibilitatis
2345 3811 2421 3874 et
2457 3783 2464 3790 ⁷

301 3921 589 3996 divinae
626 3941 799 3996 suae
846 3925 1219 4015 legationis
1277 3923 1754 3998 testimonium
1811 3921 2305 4017 irrefragabile.

516 4037 677 4132 Quo
730 4042 837 4130 fit,
896 4055 976 4119 ut
1030 4046 1185 4138 ipsa
1240 4045 1463 4121 veluti
1518 4045 1800 4137 signum
1846 4046 2158 4117 'levatum
2186 4045 2260 4118 in
2291 4063 2420 4117 na-

300 4163 529 4241 tiones
585 4154 725 4260 (1),
772 4177 853 4237 et
906 4167 997 4238 ad
1047 4187 1124 4239 se
1179 4167 1493 4252 invitet,
1543 4169 1674 4260 qui
1727 4165 2040 4241 nondum
2093 4163 2420 4242 credide·

460 4395 667 4484 mn
714 4395 829 4464 n.
872 4396 973 4466 ιε.
