3292 5275
846 480 1007 563 2:32

848 620 1183 697 hactenus
1238 632 1347 695 est
1385 623 1761 705 vocitatus,
1789 616 2193 698 vicariatus
2231 642 2398 696 orae
2423 616 2676 696 Benini
2713 622 2966 696 debeat

846 744 917 813 in
973 750 1327 834 posterum
1366 745 1790 834 nuncupari.
1849 737 2324 815 Decernentes
2379 752 2787 835 praesentes
2827 738 2968 816 No-

846 872 1027 935 stras
1080 856 1388 937 Litteras
1452 861 1690 935 firmas
1719 910 1742 949 ‚
1798 862 2074 937 validas
2139 875 2214 937 et
2275 860 2591 938 efficaces
2651 866 2962 939 existere

846 995 921 1055 et
956 982 1131 1067 fore,
1164 1004 1467 1079 suosque
1522 984 1875 1077 plenarios
1913 994 1986 1057 et
2033 986 2338 1077 integros
2393 982 2690 1058 effectus
2727 986 2966 1057 sortiri

845 1114 919 1177 et
965 1102 1308 1186 obtinere,
1367 1125 1449 1175 ac
1506 1104 1647 1175 illis
1685 1104 1771 1175 ad
1808 1126 1984 1198 quos
2023 1112 2297 1197 spectat
2351 1113 2424 1176 et
2477 1124 2604 1197 pro
2653 1115 2967 1197 tempore

843 1224 1423 1320 quandocumque
1451 1223 1797 1315 spectabit
1827 1222 2230 1319 plenissime
2269 1224 2634 1316 suffragari
2641 1244 2668 1311 ;
2725 1224 2967 1321 sicque

846 1346 921 1417 in
977 1345 1375 1438 praemissis
1426 1364 1549 1437 per
1585 1334 2080 1439 ‘quoscumque
2135 1339 2412 1417 ludices
2467 1344 2856 1418 ordinarios
2893 1357 2966 1419 et

844 1465 1195 1558 delegatos
1216 1512 1239 1551 ,
1293 1462 1505 1537 etiam
1586 1483 1952 1537 causarum
2005 1456 2259 1536 Palatii
2313 1456 2704 1556 Apostolici
2755 1458 2970 1537 Audi·

844 1598 1035 1660 tores
1072 1584 1371 1660 iudicari
1406 1595 1480 1658 et
1520 1582 1798 1657 deliniri
1836 1582 2119 1671 debere,
2161 1584 2576 1677 irritumque
2629 1592 2702 1657 et
2757 1584 2966 1658 inane

842 1708 905 1780 si
961 1726 1163 1779 secus
1240 1727 1447 1802 super
1526 1706 1637 1778 his
1693 1722 1736 1777 a
1790 1722 2148 1801 quoquam
2225 1705 2480 1803 quavis
2547 1706 2963 1779 auctoritate

846 1828 1143 1899 scienter
1178 1828 1291 1899 vel
1331 1828 1735 1916 ignoranter
1771 1824 2152 1915 contigerit
2197 1824 2555 1897 attentari.
2613 1818 2767 1897 Non
2833 1826 2966 1898 ob-

846 1947 1221 2035 stantibus,
1272 1957 1623 2040 quatenus
1679 1966 1858 2039 opus
1909 1944 2034 2026 sit,
2071 1938 2328 2020 Nostra
2381 1954 2454 2017 et
2489 1941 2965 2020 Cancellariae

842 2062 1281 2162 Apostolicac
1334 2068 1579 2157 regula
1630 2065 1722 2139 de
1801 2065 1952 2139 iure
2023 2066 2346 2160 quaesito
2401 2086 2543 2139 non
2599 2065 2908 2140 tollendo
2939 2114 2961 2150 ‚

842 2182 1209 2261 Benedicti
1230 2182 1417 2259 XIV.
1453 2180 2028 2261 Praedecessoris
2058 2182 2296 2260 Nostri
2335 2208 2474 2259 rec.
2505 2206 2714 2259 mem.
2757 2208 2968 2282 super

844 2306 1190 2380 divisione
1246 2305 1724 2393 materiarum,
1777 2306 2075 2399 aliisque
2107 2302 2530 2397 Apostolicis
2569 2327 2650 2377 ac
2689 2309 2764 2378 in
2802 2309 2968 2381 uni-

840 2426 1233 2499 versalibus
1271 2426 1965 2520 provincialibusque
2010 2435 2082 2497 et
2138 2426 2592 2521 synodalibus
2629 2422 2966 2503 Conciliis

843 2545 1051 2619 editis
1104 2546 1546 2637 generalibus
1628 2548 1750 2621 vel
1831 2545 2260 2640 specialibus
2321 2540 2964 2641 constitutionibus

844 2679 919 2742 et
968 2664 1571 2754 ordinationibus,
1651 2687 1786 2744 nec
1856 2689 1994 2742 non
2067 2667 2234 2741 dicti
2291 2662 2694 2742 vicariatus
2749 2669 2968 2744 etiam

845 2789 1266 2874 iuramento.
1298 2786 1828 2866 confirmatione
1885 2783 2319 2881 Apostolica,
2357 2789 2474 2864 vel
2535 2788 2792 2882 quavis
2846 2787 2970 2860 lir-

844 2910 1093 2985 mitate
1166 2909 1309 2985 alia
1392 2909 1736 2985 roboratis
1807 2905 2112 2983 Statutis
2185 2922 2260 2982 et
2311 2909 2972 2995 consuetudinibus.

844 3028 1229 3122 ceterisque
1282 3026 1654 3104 contrariis
1705 3030 2280 3124 quibuscumque.

1056 3144 1319 3226 Datum
1374 3145 1639 3224 Romae
1693 3151 1884 3244 apud
1937 3145 2272 3224 Sanctum
2309 3144 2590 3224 Petrum
2645 3149 2776 3226 sub
2813 3145 2970 3223 An-

844 3271 1016 3344 nulo
1074 3266 1455 3346 Piscatoris
1530 3271 1645 3346 die
1699 3265 1952 3346 XXIV.
2039 3265 2346 3362 Augusti
2431 3263 2964 3346 MDCGGLXX.

848 3386 1313 3470 Pontificatus
1364 3385 1603 3466 Nostri
1661 3389 1875 3468 Anno
1917 3385 2541 3485 vigesimoquinto.

1682 3627 1766 3706 N.
1823 3626 2032 3708 Csao.
2086 3583 2476 3708 Pasceris!
2533 3624 2860 3708 Cianum
