3292 5275
2295 500 2400 582 93

272 641 817 717 detrimentum·
854 643 995 714 imo
1050 639 1472 716 calumniam
1536 659 1619 712 ac
1685 628 2084 713 irrisionem
2137 643 2404 714 adden-

278 777 383 848 tes
432 743 737 836 iniuriae
761 809 787 842 ,
834 761 1270 835 saevientem
1324 761 1949 854 persequutionem
2001 763 2183 834 vitio
2239 785 2406 836 ver-

274 895 425 957 tere
474 883 623 955 nou'
672 894 1013 955 verentur
1066 880 1568 955 catholicorum
1590 899 1618 969 ;
1671 881 1945 953 scilicet
1969 929 1992 966 ,
2030 884 2232 976 quod
2287 903 2406 956 eo-

275 1011 435 1078 rum
468 999 840 1076 Praesules
880 1014 953 1076 et
986 998 1233 1075 Clerns
1272 1022 1413 1076 nna
1454 1021 1610 1074 cum
1652 1000 1836 1074 fideli
1884 1004 2146 1094 populo
2200 1025 2408 1096 prae-

273 1123 455 1198 ferre
510 1135 811 1198 renuant
866 1125 1103 1197 civilis
1182 1120 1473 1216 Imperii
1554 1125 1744 1213 leges
1807 1134 1882 1194 et
1935 1124 2188 1216 placita
2243 1145 2408 1198 san-

276 1245 607 1319 ctissimis
660 1241 793 1318 Dei
850 1255 922 1316 et
957 1241 1317 1317 Ecclesiae
1369 1245 1668 1338 legibue,
1711 1253 1784 1316 et
1821 1267 1863 1317 a
1921 1245 2244 1337 religioso
2299 1249 2408 1320 of-

278 1368 389 1441 cio
444 1388 575 1439 suo
631 1365 1023 1440 desciscere
1078 1365 1341 1439 idcirco
1416 1376 1778 1438 recusent.
1835 1361 2122 1437 Utinam
2176 1366 2408 1458 publi-

277 1509 525 1563 carum
576 1507 816 1560 rerum
871 1486 1349 1560 moderatores
1416 1488 1753 1560 diuturna
1813 1485 2000 1557 docti
2055 1488 2410 1579 experien-

277 1611 380 1683 tia
438 1607 573 1680 sihi
628 1608 913 1680 tandem
969 1608 1304 1680 suadeant
1334 1656 1357 1693 ,
1396 1627 1485 1680 ex
1522 1627 1771 1680 eorum
1827 1607 2128 1680 subditis
2183 1591 2410 1679 nemi-

277 1751 433 1804 nem
489 1731 888 1804 accuratius
926 1727 1287 1801 catholicis
1327 1727 1621 1800 reddere
1655 1721 1942 1801 Caesari
1998 1748 2178 1822 quae
2233 1739 2404 1802 sunt

278 1847 604 1924 Caesaris
672 1849 841 1922 ideo
914 1847 1328 1943 praesertim
1363 1897 1386 1934 ,
1444 1849 1633 1942 quod
1717 1848 2054 1941 religiose·
2113 1849 2406 1924 reddere

281 1974 611 2045 studeant
662 1993 847 2066 quae
906 1979 1075 2045 sunt
1124 1967 1256 2044 Dei
1318 1966 1495 2042 Deo.

492 2089 864 2176 Eamdem‚
922 2113 1129 2188 quam
1194 2087 1697 2164 Germanicum
1753 2086 2162 2181 Imperium,
2224 2089 2408 2166 viam

278 2213 525 2287 iniisse
592 2213 869 2286 videtur
933 2211 1169 2288 civilis
1230 2213 1613 2286 auctoritas
1665 2212 2157 2287 nonnullorum
2193 2233 2234 2285 e
2287 2236 2414 2307 pa-

283 2336 386 2426 gis
422 2329 833 2410 Helveticae
872 2331 1434 2417 FoederationiS,
1480 2333 1627 2405 sive
1667 2333 2108 2406 decernendo
2145 2334 2232 2405 de
2286 2335 2410 2409 do-

284 2457 629 2547 gmatibus
669 2457 1051 2529 catholicae
1088 2453 1277 2542 fid'ei,
1322 2456 1472 2527 sive
1510 2455 1814 2527 favendo
1849 2457 2222 2544 apostatiS,
2254 2457 2408 2530 sive

282 2575 697 2649 exercitium
740 2575 1251 2671 intercipiendo
1282 2564 1724 2670 Episcopalis
1767 2555 2234 2649 auctoritatis.
2277 2571 2410 2648 Ge-

282 2696 645 2769 navensis
667 2718 835 2769 vero
886 2710 1153 2770 tractus
1204 2693 1667 2781 Gubernium,
1725 2694 1892 2768 licet
1946 2696 2236 2767 solemni
2292 2718 2412 2788 pa·-

282 2830 399 2893 cto
456 2819 870 2921 adstrictum
912 2818 998 2889 ad
1038 2816 1568 2890 custodiendam
1624 2815 2101 2909 tuendamque
2157 2816 2228 2887 in
2284 2838 2406 2889 suo

282 2942 647 3013 territorio
684 2940 1093 3029 religionem
1148 2938 1594 3023 catholicam,
1636 2948 2009 3031 postquam
2046 2958 2174 3030 per
2212 2958 2416 3031 prae-

284 3062 535 3133 teritos
574 3081 793 3132 annos
840 3058 1103 3154 aliquot
1164 3060 1384 3131 edidit
1431 3058 1616 3152 leges
1654 3060 1964 3130 infensas
2013 3042 2410 3129 auctoritati

282 3179 732 3275 libertatique
789 3176 1147 3252 Ecclesiae
1188 3229 1208 3265 ,
1266 3179 1626 3250 recentius
1694 3178 2075 3249 catholicas
2140 3176 2408 3249 scholas

283 3303 697 3401 suppressit,
758 3302 927 3372 alias
966 3320 1005 3371 e
1045 3298 1389 3390 religiosis
1448 3298 1736 3369 familiis
1782 3298 2021 3378 eiecit,
2059 3298 2234 3369 alias
2287 3296 2412 3368 do-

284 3420 491 3493 cendi
552 3440 843 3492 munere
902 3416 1215 3490 Instituti
1274 3417 1557 3511 proprio
1615 3418 1962 3509 priva'vit3
2020 3413 2412 3509 nuperrime

282 3560 459 3613 vero
517 3528 805 3613 abolere
860 3539 1231 3612 contendit
1314 3532 1810 3610 auctoritatem
1849 3586 1869 3622 ,
1929 3524 2136 3630 quam
2191 3536 2414 3629 pluri-

284 3660 419 3733 bus
474 3662 609 3733 iam
670 3660 761 3733 ab
814 3662 979 3733 hinc
1036 3662 1237 3731 annis
1278 3661 1374 3730 ibi
1432 3660 1766 3749 legitime
1787 3670 2071 3729 exercet
2107 3648 2414 3729 Venerao'

284 3780 441 3853 bilis
496 3776 750 3853 Frater
794 3778 1070 3874 Gaspar
1120 3774 1513 3889 Episcopus
1548 3774 2060 3863 Hebronensis,
2115 3796 2414 3872 eumque

286 3899 595 3993 spoliare
634 3880 1017 3993 parochiali
1058 3924 1186 3974 suo
1228 3880 1596 3987 benefici03
1655 3902 1798 3971 imo
1850 3920 1934 3971 eo
1991 3900 2204 3971 etiam
2259 3919 2416 3993 pro»

284 4042 599 4114 gressum
646 4029 783 4109 est,
852 4034 963 4107 ut,
1000 4021 1280 4115 publica
1334 4022 1748 4093 excitatione
1788 4022 2176 4113 proposita,
2215 4021 2412 4093 cives

282 4140 436 4215 illos
495 4142 837 4215 invitaret
876 4154 947 4215 et
983 4144 1295 4214 alliceret
1349 4140 1435 4214 ad
1490 4126 2044 4214 ecclesiasticum
2099 4124 2412 4232 regimen

283 4262 737 4337 schismatice
790 4264 1375 4336 subvertendum.
1479 4302 1491 4313 ·
1743 4276 1750 4285 ·

501 4381 655 4458 Non
707 4383 893 4459 levia
967 4386 1181 4458 etiam
1240 4380 1563 4457 Ecclesia
1619 4382 1887 4478 patitur
1943 4384 2018 4455 in
2075 4383 2414 4457 catholica
