3292 5275
2243 460 2384 541 301

282 592 611 673 Ecclesiis
667 600 937 671 haeresi
993 600 1386 691 exagitatiS,
1428 624 1465 673 a
1516 598 1591 673 S.
1636 598 1933 676 Damaso
1991 607 2399 697 praedeces-

276 742 425 792 sore
481 716 735 791 Nostro
800 712 1205 811 flagitabat,
1264 732 1341 793 ut
1396 710 1668 794 scilicet
1723 720 2064 815 Legatum
2119 738 2161 797 a
2218 726 2398 797 facie

276 838 529 913 Nostra
584 852 783 913 extra
836 842 1153 913 ordinem
1208 844 1603 924 mittamus,
1653 844 1774 937 qul
1833 845 2248 936 perturbato
2282 862 2402 918 or·-

276 964 417 1035 dini
476 964 913 1037 restituendo
968 964 1361 1047 adlaborct‚
1398 964 1523 1057 qui
1562 958 1946 1038 catholicos
2001 976 2400 1039 constantes

274 1086 346 1155 in
402 1084 539 1157 [ide
596 1088 667 1157 et
720 1082 1115 1157 obedientia
1170 1074 1501 1174 legitimis
1560 1078 1994 1178 pastor-ihm,
2053 1076 2400 1179 imprimis

272 1224 443 1277 vero
488 1200 934 1297 Apostolicae
972 1204 1137 1277 buic
1177 1200 1337 1277 Sedi
1388 1203 1625 1276 debita
1669 1207 1949 1278 roboret
1993 1212 2200 1299 atque
2239 1218 2404 1278 con·

274 1324 552 1413 firmem
606 1337 679 1395 et
732 1320 1363 1411 Neoschlsmatico·
1418 1326 1930 1399 catholicorum
1983 1340 2262 1409 nomen,
2311 1328 2400 1399 ad

272 1434 693 1539 simplicium
748 1446 1231 1538 deceptionem
1296 1441 1525 1516 adhuc
1578 1438 1870 1519 subdole
1921 1458 2348 1540 usurpantes
2375 1490 2398 1530 ‚

272 1568 361 1638 ad
421 1568 763 1639 sinceram
820 1567 1357 1659 poenitentiam,
1416 1564 1795 1638 miserante
1847 1562 2044 1651 Deo,
2101 1578 2404 1643 convcr-

272 1700 421 1760 tere
480 1698 765 1780 satagat.

486 1795 969 1901 Quapropter,
1022 1800 1108 1879 de
1174 1807 1458 1881 consilio
1544 1803 1724 1880 Ven.
1796 1802 1911 1880 Fr.
1989 1800 2399 1881 Nostrorum

272 1926 349 2001 S.
378 1924 471 1999 R.
496 1922 581 1997 E.
608 1924 1095 2002 Cardinalium
1124 1924 1421 2001 Nostrae
1453 1916 2032 2023 Gongrogationis
2061 1928 2148 2002 de
2185 1922 2396 2025 Prop.

274 2046 447 2120 Fide
507 2069 633 2143 pro
688 2049 985 2140 negotiis
1052 2052 1235 2123 ritus
1300 2050 1676 2122 orientalis
1732 2042 2064 2136 Te,Ven.
2123 2047 2399 2138 Frater,

274 2171 481 2244 cuius
514 2168 897 2242 doctrinam
935 2192 1015 2242 ac
1058 2172 1379 2263 peritiam
1440 2170 1505 2240 in
1566 2170 2056 2243 ecclesiasticis
2106 2174 2402 2262 negotiis

274 2280 737 2383 procurandis
778 2300 1216 2383 perspectam
1254 2280 1625 2375 habemus,
1673 2290 1760 2362 ad
1808 2286 2408 2386 Constantinopo-

273 2413 573 2482 litanam
628 2405 883 2481 Urbem
924 2411 1287 2495 mittimuS‚
1332 2406 1635 2503 Tibiqne
1680 2414 1876 2484 vices
1917 2406 2206 2485 Nostras
2243 2434 2401 2486 cum

272 2529 731 2605 facultatibus
815 2533 1135 2604 omnibus
1210 2532 1630 2604 necessariis
1687 2544 1760 2604 et
1815 2536 2226 2627 opportunis
2279 2536 2402 2606 de-

276 2654 685 2728 mandamus
715 2702 735 2737 ,
794 2667 874 2728 ut
924 2655 1285 2726 doctrinae
1364 2656 1893 2746 opportunitate
1951 2668 2023 2729 et
2099 2656 2400 2729 veritate

274 2777 554 2848 infirma
634 2774 1001 2846 confirmes
1036 2823 1057 2858 ,
1136 2774 1451 2867 disrupta
1506 2777 1896 2848 consolides
1927 2827 1952 2865 ‚
2017 2777 2400 2870 depravata

274 2909 686 2979 convena&
744 2894 1183 2990 afflictaeque
1240 2891 1603 2968 Ecclesiae
1688 2892 2065 2970 Armeniae
2140 2910 2402 2973 statum

276 3037 737 3110 componen8‚
797 3037 1002 3088 omne
1060 3017 1260 3090 virus
1320 3018 1525 3109 pravi
1585 3018 2026 3102 schismatis,
2061 3019 2404 3093 auxilian-

282 3153 349 3212 te
409 3135 735 3222 Domino,
798 3139 1135 3210 radicitus
1192 3138 1473 3211 evellas,

494 3256 647 3333 Non
704 3259 1108 3334 dubitamus
1166 3271 1428 3343 autem,
1471 3260 1645 3354 quin
1692 3259 2013 3334 universi
2053 3273 2122 3334 et
2161 3259 2404 3353 singu-

278 3383 331 3456 li
386 3381 729 3475 cuiusque
786 3381 1036 3473 gradus
1092 3393 1163 3454 et
1218 3381 1644 3453 conditionis
1699 3381 2146 3474 Apostolicae
2195 3377 2400 3455 Sedis

278 3503 689 3597 dignitatem
748 3501 1373 3599 auctoritatemque
1402 3503 1471 3573 in
1512 3515 1633 3576 tua
1693 3524 1987 3597 persona
2045 3505 2400 3576 intuentes

278 3625 521 3699 debito
574 3623 840 3696 honore
894 3633 1107 3717 atque
1160 3622 1553 3697 obedientia
1591 3620 1693 3696 Te
1731 3635 2272 3720 prosequantur.

496 3739 695 3817 Faxit
750 3746 1151 3852 misericors
1205 3741 1418 3830 Deus,
1474 3759 1553 3817 ut
1606 3746 1792 3839 quod
1857 3740 1964 3817 Eo
2047 3743 2400 3838 aspirante

282 3869 355 3940 in
394 3865 659 3939 bonum
717 3863 1091 3938 Armeniae
1150 3861 1507 3938 Ecclesiae
1562 3865 2024 3951 decernimuS,
2083 3865 2170 3938 ad
2225 3861 2402 3940 Eius

284 3984 587 4060 nominis
641 3984 927 4079 gloriam
981 4008 1066 4058 ex
1120 3987 1311 4061 votis
1354 3982 1623 4058 Nostris
1664 3987 2018 4070 succedat,
2056 3989 2174 4082 qui
2215 3989 2404 4080 cogi-

285 4122 516 4181 tamus
552 4108 1013 4198 cogitationes
1063 4109 1280 4200 pacis.
1324 4102 1529 4179 Adsit
1568 4099 1724 4178 Tibi
1764 4107 2135 4201 propitius,
2172 4109 2406 4182 viam-

287 4251 427 4324 que
466 4241 661 4300 tuam
696 4239 769 4300 et
807 4247 1083 4319 gressus
1139 4225 1439 4319 dirigam
1492 4248 1633 4322 quo
1687 4229 2056 4302 commisso
2110 4249 2401 4304 munere

288 4359 565 4456 strenue
604 4359 674 4426 et
712 4347 980 4424 utiliter
1034 4347 1487 4446 perfungaris.
1532 4345 1738 4426 Adsit
1773 4349 2050 4427 demum
2107 4349 2244 4429 illis
2279 4351 2400 4450 qui
