3292 5275
876 640 1076 713 tere3
1130 646 1634 718 quamcumque
1691 646 1934 696 eorum
1991 625 2568 715 usurpationem,
2631 636 2774 695 tam
2839 646 2994 697 mo-

870 748 959 817 do
1014 765 1227 839 quam
1284 756 1490 816 antea
1546 748 1829 829 factam,
1887 744 2216 817 iniustam
2273 744 2658 816 violentam
2725 744 2990 817 nullam

872 862 1285 955 irritamque
1342 882 1541 942 esse,
1598 863 1972 954 omniaque
2057 856 2522 952 perduellium
2575 872 2650 931 et
2703 860 2994 933 invaso-

870 974 1027 1053 rum
1084 994 1271 1066 acta,
1312 981 1458 1054 sive
1494 1004 1681 1076 quae
1737 982 2080 1053 hactenus
2129 990 2322 1070 gesta
2375 990 2563 1066 sunt,
2603 981 2754 1052 sive
2809 1001 2994 1073 quae

870 1104 1168 1175 forsitan
1228 1104 1301 1173 in
1358 1112 1718 1194 posterum
1773 1114 2102 1195 gerentur
2158 1102 2246 1171 ad
2301 1098 2723 1192 praedictam
2785 1121 2996 1172 usur-

871 1224 1229 1315 pationem
1282 1244 1565 1317 quoque
1606 1224 1816 1295 modo
1855 1221 2384 1303 cofirmandam‚
2425 1242 2465 1292 a
2505 1216 2723 1293 Nobis
2779 1219 2992 1293 etiam

871 1363 1057 1414 nunc
1112 1363 1242 1435 pro
1302 1353 1469 1415 tunc
1526 1344 1875 1427 damnari,
1935 1342 2282 1424 rescindi,
2341 1338 2602 1415 cassari
2659 1354 2728 1413 et
2785 1341 2996 1414 abro-

870 1464 1043 1553 gari.
1104 1458 1551 1536 Declaramus
1610 1474 1966 1555 praeterea
2049 1476 2123 1534 et
2195 1472 2670 1555 protestamur
2753 1484 2994 1536 coram

873 1580 1021 1657 Deo
1056 1598 1131 1658 et
1172 1587 1509 1658 universo
1564 1584 1732 1657 orbe
1769 1581 2167 1665 catholico,
2203 1578 2348 1655 Nos
2383 1582 2455 1654 in
2495 1581 2828 1657 eiusmodi
2873 1606 2996 1657 ca-

868 1706 1193 1799 ptivitate
1250 1706 1551 1791 versari,
1608 1716 1688 1777 ut
1753 1725 2146 1796 supremam
2191 1698 2516 1775 Nostram
2571 1708 2990 1799 pastoralem

870 1830 1362 1899 auctoritatem
1422 1838 1573 1900 tuto
1626 1824 1952 1917 expedite
2010 1846 2088 1896 ac
2168 1824 2388 1895 libere
2445 1823 2728 1898 minime
2785 1848 2996 1899 exer-

870 1968 1029 2018 cere
1087 1944 1455 2037 possimus.
1516 1942 1828 2017 Tandem
1867 1946 2140 2016 monito
2179 1942 2279 2013 illi
2317 1940 2392 2013 S.
2436 1938 2660 2017 Paulli
2716 1946 2996 2018 obtem-

868 2078 1197 2159 perantes
1282 2092 1315 2135 «
1384 2060 1580 2155 Quae
1665 2064 2106 2158 participatio
2165 2063 2467 2136 iustitiae
2525 2085 2686 2136 cum
2745 2066 2996 2159 iniqui-

872 2181 1080 2258 tate?
1134 2199 1259 2259 aut
1310 2208 1495 2280 quae
1534 2188 1833 2259 societas
1869 2188 2009 2257 luci
2051 2186 2140 2256 ad
2181 2185 2504 2257 tenebras
2532 2180 2572 2257 Ρ
2627 2182 2826 2274 Quae
2865 2210 2996 2261 au.-

871 2318 1016 2380 tem
1069 2298 1453 2380 conventio
1506 2304 1764 2380 Christi
1823 2308 1912 2379 ad
1967 2302 2257 2379 Belial»
2307 2297 2440 2405 (1),
2495 2310 2738 2403 palam¹
2785 2330 2998 2402 aper-

870 2439 1075 2522 teque
1132 2428 1476 2501 edicimus
1530 2450 1613 2501 ac
1673 2428 2144 2511 declaramuS,
2185 2422 2326 2499 Nos
2382 2448 2725 2501 memores
2783 2430 2992 2502 offleii

870 2542 1103 2621 Nostri
1160 2562 1231 2620 et
1286 2550 1612 2621 solemnis
1671 2548 2128 2622 iurisiurandi
2185 2568 2324 2642 quo
2379 2558 2750 2633 tenemur,
2817 2550 2994 2623 nulli

870 2691 1203 2763 umquam
1260 2669 1733 2743 conciliationi
1789 2671 2122 2743 assentiri
2181 2672 2299 2742 vel
2357 2689 2720 2744 assensum
2776 2692 2994 2763 prac-

870 2793 1189 2876 stituroS,
1244 2781 1441 2883 quae'
1484 2793 1629 2864 ullo
1669 2792 1874 2863 modo
1917 2793 2068 2863 iura
2106 2785 2358 2862 Nostra
2399 2803 2608 2884 atque
2646 2793 2824 2865 adeo
2861 2789 2994 2864 Dei

872 2923 944 2982 et
996 2907 1301 2982 Sanctae
1356 2907 1554 2983 Sedis
1610 2913 1929 2983 destruat
1981 2911 2092 2982 vel
2149 2911 2560 2983 imminuat:
2618 2912 2992 3006 itidemque

872 3031 1278 3125 profitemur
1330 3028 1471 3104 Nos
1528 3045 1806 3124 paratos
1860 3032 2146 3125 quidem
2204 3032 2494 3103 divinae
2552 3031 2808 3122 gratiae
2865 3055 2994 3105 au-

870 3151 1071 3239 xilio,
1129 3153 1326 3244 gravi
1366 3147 1621 3225 Nostra
1663 3163 1920 3239 aetate,
1962 3171 2184 3246 usque
2226 3154 2316 3224 ad
2372 3153 2586 3224 fecem
2625 3172 2752 3244 pro
2789 3147 2995 3224 Chri-

868 3275 961 3346 sti
992 3269 1307 3348 Ecclesia
1362 3275 1645 3346 calicem
1702 3273 1970 3356 bibere,
2027 3294 2232 3365 quem
2291 3269 2446 3364 lpse
2505 3272 2700 3363 prior
2754 3271 2990 3344 bibere

871 3415 995 3488 pro
1051 3395 1291 3466 eadem
1342 3393 1668 3487 dignatus
1723 3407 1832 3467 est
1861 3441 1884 3477 ,
1943 3415 2306 3488 nunquam
2363 3393 2853 3466 commissuros
2909 3406 2994 3468 ut

872 3517 1133 3609 iniquis
1172 3514 1770 3607 postulationibus
1809 3535 1988 3608 quae
2035 3509 2250 3586 Nobis
2289 3514 2680 3586 offeruntur
2735 3513 2993 3587 adhae-

874 3655 1150 3708 reamus
1206 3647 1411 3728 atque
1464 3635 2034 3708 obsecundemus.
2079 3631 2198 3706 Uti
2245 3637 2430 3706 enim
2497 3635 2992 3726 praedecessor

872 3749 1125 3828 Noster
1178 3751 1351 3828 Pius
1405 3749 1531 3826 Vll
1588 3756 1872 3828 aiebat:
1945 3781 1978 3824 «
2041 3756 2187 3827 vim
2241 3755 2408 3826 huic
2463 3775 2728 3826 summo
2781 3751 2992 3828 Sedis

880 3897 913 3944 a
978 3872 1419 3968 Apostolicae
1494 3875 1792 3970 imperio
1871 3875 2120 3950 asserre
2157 3923 2177 3959 ‚
2236 3877 2690 3968 temporalem
2767 3877 2992 3967 ipsius

881 4020 915 4064 n
980 4008 1397 4088 potestatem
1436 4019 1475 4068 a
1514 3997 1858 4089 spirituali
1897 3997 2317 4090 discerpere,
2349 3993 2657 4068 Pastoris
2687 4006 2760 4067 et
2792 3993 2994 4068 Prin·-

880 4139 917 4188 »
980 4117 1155 4209 cipis
1210 4119 1446 4191 munia
1500 4117 1908 4203 dissociare,
1947 4119 2308 4203 divellere,
2357 4115 2762 4200 excindere,
2823 4115 2992 4188 nihil

2251 4251 2266 4286 l

1034 4373 1115 4468 (1)
1154 4373 1215 4446 2.
1261 4375 1410 4448 Cor.
1456 4395 1597 4466 cap.
1646 4373 1757 4447 vl.
1799 4373 1898 4452 14.
1943 4385 2008 4448 ct
2047 4373 2146 4448 15.
