3292 5275
2297 489 2402 573 79

276 631 751 705 ecelesiastica
780 640 908 704 aut
928 631 1280 704 mundana
1303 626 1664 720 Dignitate
1689 631 2140 725 fulgentibusi,
2161 653 2409 725 quam-

280 749 543 824 tumvis
600 750 921 845 specifica
974 760 1047 822 et
1097 748 1470 824 individua
1504 752 1858 824 mentione
1915 751 2172 844 digniS,
2229 773 2406 845 quo-

278 890 575 963 cumque
632 882 953 962 tempore
1006 872 1393 954 concessis,
1433 891 1567 944 nec
1614 891 1756 942 non
1809 873 2182 965 quibusvis
2237 892 2405 943 con·-

277 990 759 1062 suetudinibus
810 989 1023 1062 etiam
1078 990 1807 1064 immemorabilibus:
1865 990 2121 1084 quibus
2178 993 2408 1065 omni-

276 1110 403 1182 bus
460 1119 531 1181 et
586 1107 907 1202 singuliS,
966 1109 1237 1184 etiamsi
1292 1110 1379 1182 de
1432 1110 1575 1181 illis
1628 1131 2020 1204 eorumque
2078 1111 2242 1183 totis
2301 1122 2405 1182 te-

276 1229 567 1302 noribus
622 1229 987 1322 specialiS,'
1016 1228 1364 1321 specifica,
1404 1239 1477 1302 et
1528 1229 1898 1303 individua
1935 1230 2228 1318 menti0,
2274 1252 2400 1303 seu

274 1352 565 1445 quaevis
618 1351 756 1422 alia
792 1351 1155 1442 expressio
1211 1351 1561 1434 habenda,
1620 1361 1746 1426 aut
1798 1353 2029 1443 aliqua
2089 1353 2230 1424 alia
2283 1373 2404 1422 ex-

272 1475 539 1568 quisita
594 1475 817 1544 forma
855 1472 939 1543 ad
980 1472 1107 1544 hoc
1146 1471 1490 1544 servanda
1531 1473 1744 1555 foret,
1787 1471 2066 1543 illorum
2121 1481 2398 1544 tenores

275 1616 353 1666 ac
409 1595 469 1666 si
528 1594 615 1665 de
671 1592 893 1665 verbo
960 1591 1049 1664 ab
1102 1592 1397 1664 verbum
1431 1639 1451 1675 ‚
1510 1592 1686 1662 nihil
1740 1593 2022 1683 penitus
2077 1593 2336 1672 omisso
2379 1641 2400 1677 ,

273 1725 347 1786 et
402 1717 621 1786 forma
682 1715 755 1784 in
814 1711 951 1784 illis
1012 1711 1259 1784 tradita
1316 1710 1715 1797 observata,
1757 1712 2241 1803 praesentibus
2297 1713 2406 1783 in-

276 1836 447 1906 serti
502 1833 725 1906 forent
756 1881 776 1918 ,
837 1855 961 1924 pro
1016 1834 1373 1926 expressis
1433 1833 1796 1917 habentes,
1853 1832 1938 1902 ad
1997 1830 2402 1924 praemisso-

276 1977 425 2028 rum
482 1956 788 2027 omnium
826 1966 899 2026 et
936 1955 1373 2043 singulorum
1412 1951 1739 2024 effectum
1795 1952 2396 2045 consequendum,

272 2077 636 2162 latissime,
674 2088 749 2147 et
798 2075 1229 2167 plenissime,
1278 2094 1357 2144 ae
1405 2073 1806 2165 specialiter
1843 2084 1915 2143 et
1951 2093 2274 2164 expresse
2311 2073 2397 2154 de

270 2197 723 2293 Apostolicae
778 2197 1149 2288 potestatis
1205 2194 1636 2287 plenitudine
1699 2187 1898 2266 Motu
1983 2192 2134 2284 pari
2191 2193 2399 2265 dero-

270 2341 537 2411 gamus,
596 2341 675 2390 ac
730 2319 1133 2409 derogatum
1186 2336 1341 2386 esse
1396 2313 1764 2398 volumuS,
1823 2315 2260 2406 caeterisque
2315 2314 2389 2386 in

267 2441 703 2514 contrarium
755 2436 1272 2530 quomodolibet
1328 2435 1749 2507 facientibus
1804 2434 2388 2526 quibuscumque.

484 2555 819 2631 Volumus
873 2568 1115 2629 autem
1168 2556 1356 2650 quod
1422 2555 1900 2647 praesentium
1963 2550 2394 2626 Litterarum

270 2681 729 2773 transumptis
778 2680 995 2750 etiam
1052 2678 1413 2769 impressis
1454 2723 1475 2760 ‚
1531 2697 1742 2747 manu
1801 2686 2039 2747 tamen
2095 2676 2392 2747 alicuius

264 2797 544 2873 Notarii
602 2798 863 2892 publici
904 2797 1352 2889 subscripti5‚
1394 2809 1467 2868 et
1507 2790 1750 2888 Sigillo
1805 2794 2097 2868 alicuius
2154 2816 2395 2887 perso-

266 2942 404 2994 nae
458 2922 532 2992 in
586 2917 940 3010 Dignitate
996 2915 1492 2989 Ecclesiastica
1551 2918 1980 2989 constitutae
2045 2914 2331 2987 munitis
2367 2964 2388 3000 ,

264 3042 505 3113 eadem
560 3062 846 3133 prorsus
902 3038 1078 3110 fides
1136 3038 1209 3107 in
1266 3038 1525 3109 iudicio
1578 3046 1650 3107 et
1712 3047 1918 3108 extra
1973 3037 2147 3106 illud
2203 3036 2394 3109 adhi-

262 3162 544 3245 beatur,
583 3182 759 3253 quae
814 3159 1075 3231 eisdem
1114 3157 1604 3251 praesentibus
1663 3155 2142 3243 adhiberetur,
2181 3157 2240 3225 si
2285 3158 2395 3228 fo-

264 3294 423 3354 rent
476 3279 825 3353 exhibitae
881 3282 995 3351 vel
1048 3289 1399 3351 ostensae.

478 3396 663 3474 Nulli
720 3420 887 3491 ergo
944 3398 1229 3470 omnino
1290 3398 1652 3469 hominum
1708 3398 1915 3470 liceat
1967 3396 2148 3468 hanc
2205 3398 2396 3488 pagi-

266 3542 431 3592 nam
485 3516 777 3592 Nostrae
842 3520 1432 3602 conlirmationis,
1490 3516 2066 3611 approbationis,
2119 3519 2393 3589 consti-

264 3640 602 3725 tutioniS,
660 3640 1165 3725 ordinationis,
1224 3638 1599 3711 sanctionis
1636 3688 1656 3724 ,
1718 3638 2031 3723 decreti,
2105 3637 2394 3728 deroga-

265 3763 475 3833 tionis
550 3770 622 3831 et
696 3760 1071 3833 voluntatis
1127 3760 1505 3853 infringere
1540 3808 1560 3843 ,
1620 3760 1742 3832 vel
1819 3759 1885 3831 ei
1941 3780 2116 3831 ausu
2171 3770 2392 3830 teme-

260 3880 449 3953 rario
514 3882 899 3952 contraire.
958 3876 1031 3951 Si
1086 3880 1238 3973 quis
1303 3890 1540 3953 autem
1591 3881 1721 3952 hoe
1781 3888 2130 3951 attentare
2187 3898 2390 3969 prae-

266 4002 647 4091 sumpserit
702 4000 1253 4089 indignationem
1308 3997 1833 4092 Omnipotentis
1887 3992 2017 4070 Dei
2073 4019 2154 4070 ac
2208 3994 2390 4070 Bea-

262 4132 501 4197 torum
556 4115 752 4191 Petri
806 4131 881 4191 et
932 4106 1135 4191 Pauli
1192 4117 1702 4214 Apostolorum
1757 4116 1936 4193 Eius
2011 4142 2086 4192 se
2167 4141 2389 4192 nove-

260 4244 357 4314 rit
409 4242 873 4313 incursurum.

474 4352 734 4434 Dafum
789 4357 1047 4435 Romae
1104 4360 1286 4455 apud
1341 4356 1684 4437 Sanctum
1723 4357 2014 4436 Petrum
2067 4353 2188 4432 lv.
2246 4354 2388 4431 Ka-
