3292 5275
2225 463 2372 546 331

298 608 471 681 citer
526 604 1088 701 perficiendum,
1149 606 1331 679 iusta
1371 649 1394 688 ,
1454 606 1819 687 salutaria,
1875 614 1966 677 et·
2001 618 2389 695 opportuna

282 730 795 821 dignoscantur.

1274 910 1399 987 IX.

484 1084 859 1161 Enimvero
916 1084 1175 1159 eisdem
1230 1080 1583 1177 Delegatis
1620 1090 1994 1179 eorumque
2050 1082 2390 1160 Subdele-

284 1211 453 1307 gatis
493 1210 899 1302 expressam
954 1205 1223 1299 iniungi
1258 1206 1486 1277 voluit
1522 1204 2013 1297 obligationem
2060 1209 2386 1280 mittendi

284 1336 391 1407 ad·
422 1330 753 1405 Sanctam
813 1324 1067 1401 Sedem
1122 1324 1595 1419 Apostolicam
1677 1328 2059 1399 tres·intra
2111 1348 2388 1403 menses

281 1456 361 1526 ab
416 1440 687 1545 expleta
742 1451 1098 1523 huiusmet
1156 1444 1437 1521 Decreti
1520 1448 1998 1541 exequutione
2083 1448 2389 1521 authen-

281 1577 417 1648 tica
478 1577 698 1646 forma
753 1581 1118 1643 exaratum
1186 1570 1550 1661 exemplar
1594 1589 2186 1663 quorumcumque
2241 1564 2392 1644 De-

287 1708 663 1780 cretorum,
723 1714 904 1788 quae
958 1692 1047 1763 ad
1104 1692 1237 1764 hoc
1294 1688 1645 1785 negotium
1729 1692 2216 1783 exequendum
2277 1691 2392 1765 edi

284 1816 695 1911 oportuerit.

1286 2112 1375 2191 X.

486 2292 867 2388 Propterea
953 2290 1297 2365 Sanctitas
1376 2288 1545 2379 Sua,
1601 2305 1682 2367 ut
1737 2296 1913 2368 haec
1995 2299 2228 2369 omnia
2305 2299 2395 2373 ad

283 2416 794 2509 omnipotentis
850 2410 981 2487 Dei
1036 2414 1327 2511 gloriam
1380 2437 1768 2511 eorumque
1799 2414 2396 2493 ·Christifidelium

276 2540 541 2630 bonum
596 2548 668 2609 et
725 2536 1273 2631 consolationem
1348 2536 1776 2631 spiritualem
1854 2541 2178 2630 protinus
2231 2560 2398 2615 exe·-

276 2659 602 2756 quutioni
658 2657 1110 2742 mandentur,
1170 2656 1371 2729 iussit
1412 2679 1537 2750 per
1574 2655 1858 2732 Sacram
1905 2655 2400 2756 Congregatio-

272 2803 435 2854 nem
490 2776 1105 2852 Consistorialibus
1162 2780 1461 2870 negotiis
1514 2781 1986 2874 praepositam
2025 2782 2158 2856 hoc
2214 2803 2399 2857 sum-

271 2900 575 2992 marium
632 2899 999 2992 confestim
1044 2899 1205 2970 ferri
1260 2893 1666 2992 Decretum,
1707 2902 2061 2996 ipsiusque
2099 2904 2401 2976 authen-

276 3025 499 3096 ticum
554 3019 909 3112 exemplat·
948 3019 1033 3090 ad
1090 3030 1497 3114 perpetuam
1536 3021 1639 3095 rei
1679 3023 2080 3092 memoriam
2117 3033 2191 3094 et
2227 3043 2399 3095 nor-

272 3163 492 3226 mam,
553 3139 659 3213 uti
744 3161 870 3232 par
950 3151 1081 3231 est,
1140 3141 1215 3210 in
1302 3137 1639 3211 tabulario
1723 3137 2070 3214 huiusmet
2145 3138 2398 3216 Sacrae

272 3258 857 3352 Congregationis
907 3258 1276 3350 diligenter
1325 3259 1761 3334 conservari.

430 3375 811 3454 -Datum
822 3374 1102 3452 Romae
1157 3379 1289 3452 hac
1356 3381 1467 3454 die
1552 3380 2073 3478 decimaquarta
2145 3384 2398 3458 mensis

270 3500 464 3579 Iunii
521 3523 701 3574 anno
738 3512 1105 3618 reparatae
1161 3500 1511 3600 hominum
1550 3504 1800 3581 salutis
1854 3507 2228 3580 millesimo
2283 3527 2402 3578 oc«-

270 3624 767 3720 tingentesimo
820 3609 1328 3720 septuagesimo
1379 3635 1681 3718 quarto.

1151 3859 1295 3944 Pro
1349 3859 1437 3939 R.
1477 3859 1560 3940 P.
1602 3864 1696 3941 D.
1739 3865 1974 3944 Amici
2032 3865 2295 3944 Mirm

1032 3985 1105 4064 S.
1161 3985 1497 4082 Congreg.
1554 3985 2069 4064 Consistorialis
2125 3989 2396 4066 Secret.

1132 4105 1431 4186 Flavius
1485 4105 1791 4184 Cordeui
1851 4107 2302 4188 Substitutus

268 4347 473 4426 Loco
516 4350 612 4446 ὦ
655 4347 871 4446 Signi.
