3292 5275
2223 485 2381 568 279

280 647 394 702 non
457 627 682 700 solum
745 637 1032 718 propter
1093 627 1367 699 cultum
1438 621 1811 698 Sacrarum
1885 622 2317 701 Exuviarum
2356 675 2377 712 ,

278 769 438 842 quae
517 747 686 819 olim
760 746 920 818 viva
977 741 1241 818 Christi
1299 747 1610 818 membra
1677 748 1913 830 fuere,
1985 769 2061 818 ac
2121 749 2381 838 templa

278 863 340 942 S.
391 863 750 958 Spiritus,
807 866 893 938 ab
950 865 1194 938 eodem
1251 866 1508 938 iterum
1563 866 1649 936 ad
1705 867 1931 939 vitam
1988 867 2391 939 suscitanda

275 997 338 1058 et
383 985 856 1076 glorificanda,
898 1007 1150 1058 verum
1205 987 1413 1058 etiam
1465 995 1755 1078 propter
1792 985 2031 1073 falsas,
2072 1009 2201 1060 eeu
2239 987 2394 1060 bla-

279 1118 542 1191 terant,
607 1103 1028 1195 Sanctorum
1109 1100 1468 1199 Reliquias
1557 1103 1869 1180 fidelium
1951 1107 2396 1192 venerationi

277 1227 676 1322 propositas,
717 1210 1092 1319 impietatis
1125 1236 1197 1298 et
1237 1225 1771 1318 superstitionis
1809 1224 2215 1300 insimulare
2254 1245 2403 1306 non,

278 1361 635 1434 verentur,
691 1369 850 1420 eam
909 1348 1351 1437 diligentiam
1391 1350 1468 1419 in
1508 1369 1683 1420 casu
1736 1347 2199 1423 adhibendam
2234 1367 2393 1423 esse
2450 1371 2459 1378 ·

277 1454 645 1560 voluimuS,
687 1491 840 1560 qua
882 1468 955 1540 in
992 1469 1212 1542 rebus
1269 1469 1450 1542 tanti
1507 1469 1835 1540 momenti
1893 1487 2166 1560 semper
2201 1464 2403 1560 Apo-‚

277 1589 508 1662 stolica
543 1585 756 1662 Sedes
817 1590 1199 1682 procedere
1263 1590 1666 1662 consuevit.
1725 1585 1963 1678 Quare
2018 1591 2403 1675 nonnullo-z

274 1730 417 1782 tum
471 1704 804 1782 Fratrum
860 1703 1280 1782 Nostrorum
1336 1705 1408 1780 S.
1451 1706 1538 1782 R.
1578 1696 1665 1782 Ε.
1722 1705 2203 1784 Cardinalium
2257 1705 2399 1799 ¹Sa--·¹

274 1828 404 1901 cris
455 1831 736 1902 tuendis
793 1822 1088 1902 Ritibus
1141 1831 1702 1922 praepositorum
1733 1877 1757 1910 ,
1812 1842 1880 1902 et
1936 1830 2396 1923 quorumdam.

273 1949 574 2024 eiusdem
612 1947 1306 2042 S.Cong1egation1s
1345 1947 1769 2024 Praesulum
1804 1947 2223 2024 officialium
2268 1971 2399 2044 pe-

277 2071 520 2144 culiari
601 2068 856 2146 Coetui
911 2093 954 2142 a
1009 2065 1238 2144 Nobis
1293 2071 1568 2146 delecto
1647 2071 1861 2144 totius
1915 2072 2185 2162 negocii
2238 2093 2407 2144 exa-

273 2213 431 2266 men
485 2192 990 2266 commisimus.

481 2312 520 2407 S
575 2305 649 2386 6.
709 2309 908 2402 Quae
944 2311 1228 2406 quidem
1265 2311 1632 2407 peculiaris
1674 2309 2145 2406 Congregatio
2182 2325 2405 2388 matu-

275 2455 346 2508 re
429 2435 864 2528 perpendens
961 2433 1188 2526 iugem
1270 2445 1344 2508 et
1427 2443 1861 2506 constantem
1960 2435 2405 2508 traditionem

271 2555 694 2631 authenticis
771 2554 1284 2651 uberrimisque
1359 2555 1806 2630 documentis
1872 2555 2403 2648 consignatam,

271 2673 780 2771 Imperatorum
856 2700 950 2755 ac.
992 2674 1268 2769 Regum
1323 2678 1745 2771 diplomata,
1804 2690 1961 2751 acta
2020 2673 2413 2771 Episcopa-

274 2800 446 2871 lium
504 2794 1052 2885 visitationum,
1110 2800 1594 2873 vetustissima
1629 2796 2049 2873 Calendaria
2102 2820 2185 2873 ac
2219 2794 2412 2871 Mar-

277 2920 625 3014 tyrologia
647 2966 670 3005 ,
727 2919 1156 2995 numismata
1211 2920 1284 2993 in
1365 2922 1709 3013 sepulcris
1790 2932 2070 3015 reperta
2102 2966 2125 3007 ,
2184 2922 2413 3013 ipsam

273 3038 578 3135 denique
617 3064 840 3115 urnae
875 3064 960 3115 ac
1003 3042 1520 3115 circumstantis
1583 3044 1879 3115 lateritii
1934 3040 2165 3134 operis
2217 3052 2405 3113 stru-

273 3171 556 3236 cturam
611 3184 779 3237 sane
863 3164 1221 3236 intellexit
1297 3164 1566 3235 nullum
1621 3164 1797 3238 cieri
1836 3141 2061 3273 ¹posse
2116 3160 2421 3238 dubium

267 3284 510 3377 quoad
565 3280 952 3357 Sacrorum
1003 3278 1404 3375 Corporum
1461 3284 1935 3371 identitatem.
1995 3278 2411 3358 Probationi

275 3406 646 3478 cumulum
696 3404 1028 3499 imposuit
1101 3416 1426 3497 accurata
1513 3406 1604 3479 ab
1660 3406 2107 3479 anathomiae
2160 3375 2423 3499 peritis¹

281 3524 558 3599 ossium
614 3527 1056 3620 aliorumque
1095 3526 1171 3597 in
1210 3548 1374 3599 arca
1437 3536 1510 3599 et
1575 3524 1917 3618 sepulcris
1972 3537 2417 3618 repertorum

267 3644 624 3719 instituta
680 3648 997 3741 analysis.
1059 3644 1242 3721 Cum
1319 3650 1562 3741 itaque
1636 3669 1759 3737 ex,
1797 3648 1993 3720 hisce
2050 3646 2420 3739 omnibus„

275 3769 754 3857 praesertim·
789 3767 992 3841 simul
1047 3769 1344 3860 sumptis
1373 3818 1396 3855 ‚
1453 3766 1831 3862 peculiaris
1912 3768 2157 3843 cadem
2228 3766 2423 3842 Con-

299 3888 620 3982 gregatio
675 3910 834 3963 eam
887 3911 1222 3980 exurgere
1277 3890 1765 3982 probationem
1814 3891 2231 3973 censuisset,
2282 3910 2423 3985 qua

273 4012 586 4105 amplior
671 4014 747 4085 in
819 4010 1006 4083 hisee
1087 4012 1400 4100 negociis
1481 4010 1863 4100 desiderari
1942 4012 2071 4085 vix
2124 4024 2419 4105 posset,

281 4132 418 4203 die
475 4127 697 4203 xxlv
753 4129 916 4205 lulii
973 4132 1312 4228 vertentis
1368 4134 1538 4206 anni
1589 4133 1681 4203 ad
1716 4126 2007 4214 Nostras
2043 4128 2423 4211 vaticanae

259 4248 532 4327 Aedes
593 4253 1014 4338 coadunata,
1055 4254 1376 4327 omnibus
1435 4254 1520 4325 ad
1561 4250 2287 4361 Sanctuariidancem
2339 4260 2427 4331 li·

257 4374 523 4469 brutis
565 4366 793 4483 'atque
849 4386 1258 4481 perpensis,
1313 4386 1417 4459 ita
1463 4384 1831 4485 rescripsit
1888 4408 1927 4462 α
1986 4377 2427 4465 Sententiam
