3292 5275
2249 484 2403 565 403

368 624 693 691 Pontificis
713 622 973 685 Litteris
999 620 1364 700 derogando
1390 622 1724 697 statuitur,
1750 620 1912 683 utin
1933 618 2248 683 (300ηοῦ-

366 721 709 783 archarum
737 716 1053 779 electione
1096 714 1195 776 ius
1236 728 1579 775 commune
1616 720 1938 779 servetur.
2027 758 2046 775 .
2212 733 2247 772 s
2286 710 2408 779 2⁴7

290 906 548 971 Similes
582 938 665 955 --
703 903 811 967 Ex
840 908 1026 984 paru
1084 898 1435 981 imperialis
1478 896 1792 965 Gabeni-i
1833 898 2134 968 limatae-i
2169 934 2254 952 —-

368 1002 471 1065 die
510 997 589 1065 14
626 997 1013 1062 novembris.
1078 994 1195 1059 Ad.
1242 1012 1465 1075 preces
1528 994 1882 1075 imperialis
1936 993 2252 1060 Gubernii

368 1094 663 1159 Russiaci
701 1093 979 1155 facultas
1020 1090 1389 1169 impertitur
1430 1088 1716 1152 Antonio
1743 1086 2253 1172 Archiepiscopo

370 1186 853 1263 Mobiloviensi,
894 1184 1005 1263 qui
1048 1183 1285 1262 iugiter
1312 1180 1643 1262 Petropoli
1685 1190 2148 1262 commoratur,
2177 1191 2256 1249 ut

372 1279 741 1361 Capitulum
804 1287 871 1340 et
909 1276 1373 1341 consistorium
1426 1274 1792 1340 Mobilovia
1854 1273 2258 1359 Petropolim

370 1375 821 1450 transferatur,
862 1390 939 1434 ea
982 1378 1199 1433 tamen
1228 1370 1399 1449 lege,
1428 1377 1506 1433 ut
1532 1368 2082 1449 Archiepiscopns
2107 1369 2258 1436 Mo-

370 1468 790 1531 hiloviensem
832 1460 1097 1527 titulum
1142 1463 1419 1525 retinere
1460 1462 1724 1541 debeat,
1763 1463 2034 1543 eiusque
2065 1462 2258 1545 Capi-

374 1562 585 1627 tulum
612 1560 929 1622 habeatnr
954 1572 1208 1635 semper
1236 1564 1305 1619 et
1328 1556 1700 1619 nominetur
1717 1554 2090 1637 Capitulum
2114 1556 2260 1625 Me-

374 1656 801 1736 tropolitanae
849 1649 1179 1714 Ecclesiae
1230 1648 1762 1713 Mobiloviensisz
1807 1652 1965 1731 quin
2005 1653 2134 1715 imo
2175 1652 2258 1717 ad

372 1747 859 1829 Metropolitani
904 1744 1123 1824 templi
1155 1742 1641 1807 Mohiloviensis
1687 1742 2094 1824 splendorem
2135 1748 2256 1827 ipsi

376 1842 881 1922 Archiepiscopo
909 1854 1107 1901 curae
1132 1838 1283 1915 erit,
1316 1846 1387 1899 nt
1416 1837 1587 1899 alter
1628 1857 1714 1901 ex
1747 1834 2082 1918 Episcopis
2113 1836 2262 1903 Suf-

374 1937 669 2018 raganeis
709 1950 893 1996 suam
934 1932 1089 1993 inibi
1130 1931 1349 1995 sedem
1408 1931 1667 1994 habeat.
1712 1928 1903 2006 Qno'd
1955 1950 2114 1996 vero
2177 1934 2260 1998 ad

376 2033 827 2093 dioecesanum
898 2022 1327 2088 Seminarium
1390 2022 1864 2090 Mobiloviense
1928 2023 2260 2109 Petropoli

376 2120 837 2187 instituendum
878 2135 1047 2199 quae
1073 2134 1112 2179 a
1144 2114 1342 2179 Sacra
1372 2114 1744 2180 'tridentina
1772 2114 2032 2197 Synodo
2073 2138 2264 2200 prae·-

381 2224 570 2297 cepta
610 2220 763 2277 sunt
811 2212 933 2274 rite
975 2218 1343 2273 servantor.
1482 2252 1499 2271 .
1667 2254 1685 2272 .
1855 2254 1872 2273 .
2037 2258 2056 2275 .
2226 2236 2264 2279 2
2297 2214 2422 2287 249

300 2405 591 2491 Epistola
637 2395 977 2482 Encyclica
1022 2396 1103 2463 ad
1144 2414 1365 2462 omnes
1408 2396 1820 2465 Patriarchas
1847 2443 1866 2480 ,
1907 2396 2260 2485 Primatee,

379 2498 943 2577 Archiepiscopos,
988 2490 1369 2574 Episcopos,
1412 2491 1710 2573 aliosque
1751 2495 2046 2559 locorum
2074 2496 2264 2563 ordi-

382 2594 601 2660 narios
634 2590 905 2672 gratiam
932 2592 997 2650 et
1022 2587 1535 2650 communionem
1565 2604 1716 2650 cum
1746 2585 2122 2670 Apostolica
2151 2590 2262 2658 Se.-

379 2690 457 2752 de
499 2685 807 2749 habentes
846 2711 928 2730 —-·
966 2679 1110 2742 Etsi
1170 2681 1367 2744 multa
1426 2683 1714 2744 luctuosa
1750 2715 1834 2730 --
1871 2683 1976 2750 die
2017 2683 2096 2752 21
2137 2689 2266 2753 'no-

391 2782 689 2846 vembris.
736 2775 1069 2855 subalpini
1120 2773 1437 2840 Gubernii
1476 2773 1720 2856 flagitia
1781 2779 1846 2841 in
1889 2780 2026 2861 ipsa
2068 2778 2266 2863 Urbe,

389 2874 667 2940 Romani
706 2869 1033 2933 Pontificis
1074 2867 1235 2932 Sede
1260 2911 1281 2944 ,
1322 2877 1579 2949 patrata
1618 2871 1831 2935 obiter
1883 2890 2266 2948 commemo,-

380 2978 505 3034 rat.
550 2965 909 3029 Enumerat
968 2960 1301 3024 Ecclesiae
1352 2963 1835 3042 persecutiones
1893 2967 1964 3028 in
2001 2971 2268 3048 quibus-

383 3066 525 3128 dam
568 3058 947 3124 Helveticae
988 3053 1471 3118 Foederationis
1531 3054 1722 3136 Pagis
1745 3099 1766 3134 ‚
1809 3060 1877 3120 in
1914 3057 2219 3127 Borussia
2243 3104 2266 3146 ,

382 3168 449 3224 et
474 3158 537 3220 in
563 3153 885 3216 America.
914 3149 1291 3228 Apostatam
1324 3147 1664 3230 losephum
1687 3149 2052 3217 Hubertum
2075 3155 2270 3222 Reiu-

384 3256 543 3320 kens
593 3243 1245 3328 pseudo-episcopum
1286 3244 1349 3304 in
1400 3239 1708 3305 Borussia
1751 3251 2270 3316 excommunicat

382 3359 449 3414 et
474 3337 996 3414 anathematizat,
1028 3335 1381 3414 eademque
1426 3353 1631 3414 poena
1658 3337 1887 3416 plectit
1933 3342 2084 3406 illos
2131 3361 2268 3408 om·

384 3463 545 3515 neS,
588 3434 699 3516 qui
768 3449 917 3494 eum
972 3431 1211 3510 eligere
1282 3436 1738 3509 attentarunt,
1793 3441 1860 3496 et
1913 3437 2268 3522 sacrilegae

382 3527 864 3603 consecrationi
911 3542 1175 3603 operam
1223 3521 1744 3602 commodarunt,
1787 3533 1854 3588 et
1893 3530 2005 3606 qui
2047 3531 2268 3596 iisdem

388 3626 829 3697 adhaeserint,
877 3635 1231 3697 corumque
1281 3624 1495 3698 partes
1542 3620 1802 3696 sequuti
1849 3638 2062 3702 opem,
2092 3625 2273 3690 favo·

399 3743 583 3802 rem,
623 3718 969 3790 auxilium,
1020 3723 1135 3774 aut
1184 3729 1561 3774 consensum
1614 3714 2050 3791 praebuerint.
2103 3718 2264 3784 Cum

386 3835 555 3886 vero
598 3822 693 3880 tot
738 3819 1041 3888 tantaque
1088 3806 1259 3868 mala
1308 3823 1349 3868 a
1390 3809 1577 3870 sectis
1610 3813 1922 3887 scateant,
1947 3812 2084 3875 sive
2133 3832 2274 3878 ma·

384 3914 645 3978 sonicae
696 3907 1017 3979 dicantur,
1060 3901 1195 3963 sive
1245 3901 1377 3964 alio
1422 3902 1654 3981 quovis
1699 3906 1956 3968 nomine
1987 3909 2268 3988 veniant,

390 4021 613 4072 omnes
654 4015 989 4066 sacrorum
1032 3994 1363 4058 Antistites
1410 3996 1736 4073 hortatur,
1763 4005 1838 4060 ut
1865 4015 2118 4064 omnem
2159 4001 2272 4064 ad·

382 4099 653 4164 hibe-nt
692 4111 957 4176 operam
1002 4091 1309 4156 adversus
1348 4109 1576 4155 earum
1626 4091 1886 4158 insidias
1931 4101 2000 4158 et
2045 4103 2272 4160 conta...

390 4197 645 4277 sionem
752 4233 769 4252 .
940 4231 957 4248 .
1122 4227 1141 4248 .
1309 4231 1325 4249 .
1492 4227 1511 4247 .
1679 4229 1696 4246 .
1861 4227 1882 4248 .
2047 4225 2066 4250 .
2231 4207 2268 4251 n
2305 4184 2428 4258 253

304 4379 587 4454 Litterae
652 4379 1061 4460 Apostolicae
1106 4379 1229 4444 snb
1266 4377 1533 4462 plumbo
1574 4407 1656 4428 --
1705 4371 1836 4452 Qui
1873 4375 2136 4461 ultimis
2171 4405 2256 4424 «-

1853 4480 2002 4567 26*
