3292 5275
2252 439 2407 520 353

302 579 639 654 nerabiles
694 577 1003 664 Fratres,
1035 583 1146 652 his
1204 579 1419 653 tantis
1482 565 1982 653 exundantium
2067 579 2405 654 malorum

302 701 626 774 fluctibus
682 703 821 775 iam
876 701 1021 774 sere
1056 701 1463 776 obruimur:
1520 711 1595 773 at
1649 699 1931 774 duriora
1978 701 2196 773 etiam
2249 721 2411 794 per-

302 823 443 914 peti
502 841 629 914 pro
685 819 981 904 iustitia,
1036 816 1187 894 Deo
1226 817 1706 894 infirmitatem
1745 813 2068 894 Nostram
2123 823 2411 894 confor-

298 953 522 1024 tante,
559 941 1099 1035 haudquaquam
1157 941 1579 1034 refugimus:
1622 941 1830 1013 immo
1857 951 2152 1014 mortem
2193 943 2412 1036 ipsam

298 1061 751 1134 libentissime
806 1073 1139 1154 oppetere
1196 1061 1419 1154 parati
1476 1078 1756 1147 sumus,
1813 1061 1872 1132 si
1929 1055 2082 1134 Deo
2137 1057 2413 1132 miseri-

298 1181 495 1256 cordi
552 1179 895 1274 placuerit
934 1201 1059 1274 pro
1100 1177 1455 1254 Ecclesiae
1506 1203 1674 1276 pace
1712 1194 1782 1254 et
1821 1177 2146 1254 libertate
2203 1177 2412 1254 huius

298 1301 573 1374 hostiae
626 1300 1106 1373 humilitatem
1160 1303 1507 1394 excipere.

513 1416 831 1492 lamvero
872 1419 1311 1494 acerbissima
1377 1441 1676 1514 semper,
1733 1419 1914 1494 inter
1971 1433 2116 1494 tam
2162 1419 2416 1495 multas

300 1541 490 1626 alias,
546 1541 809 1614 doloris
865 1563 1077 1614 causa
1114 1535 1328 1615 Nobis
1367 1543 1595 1614 extitit
1637 1542 1944 1618 viduitas
1999 1541 2198 1634 longe
2255 1545 2417 1635 plu-

301 1665 641 1734 rimarum
668 1662 964 1749 sedium,
994 1683 1177 1756 quae
1208 1663 1280 1733 in
1311 1664 1565 1735 misera
1598 1657 1802 1735 ltalia
1841 1661 2097 1734 iamdiu
2128 1679 2414 1734 suorum

298 1779 807 1877 Episcoporum
856 1783 1201 1875 praesidio
1258 1795 1536 1872 carent3
1590 1807 1670 1857 ac
1727 1781 1842 1857 illa
1898 1805 2110 1876 porro
2163 1777 2418 1856 exinde

300 1905 615 1998 profecta
688 1905 1079 1996 spiritualis
1158 1903 1406 1978 auxilii
1482 1905 1884 1990 necessitas,
1951 1927 2092 1998 qua
2169 1903 2416 1976 fideles

302 2025 543 2118 populi
598 2024 673 2095 in
728 2035 870 2096 tam
924 2023 1325 2097 calamitosa
1382 2045 1617 2098 rerum
1675 2047 1758 2098 ac
1807 2036 2196 2118 temporum
2251 2043 2419 2096 con·

304 2143 567 2216 ditione
632 2141 951 2236 quotidie
1012 2143 1229 2238 magis
1304 2159 1742 2239 premuntur.
1801 2139 1980 2218 Cum
2035 2155 2273 2217 autem
2326 2163 2411 2216 ea

306 2266 691 2338 necessitas
768 2263 923 2336 talis
998 2265 1326 2351 evaserit,
1388 2279 1468 2341 ut
1533 2268 1599 2338 ei
1673 2267 1808 2338 iam
1881 2287 2020 2340 non
2075 2265 2418 2360 possimus

304 2386 601 2460 caritate
636 2379 896 2457 Christi
932 2377 1073 2458 Nos
1112 2397 1407 2477 urgente
1462 2407 1599 2458 non
1665 2407 2056 2472 occurrere,
2099 2387 2421 2478 inspecto

306 2523 558 2601 nempe
616 2503 873 2599 ingenti
928 2525 1223 2579 numero
1280 2507 1652 2579 viduarum
1709 2501 1990 2580 Sedium
2045 2519 2116 2580 et
2173 2502 2423 2598 amplis

306 2625 1034 2721 frequentissimisque
1094 2623 1339 2701 Italiae
1396 2625 1798 2723 provinciis,
1835 2646 2016 2723 quae
2075 2627 2192 2699 vix
2245 2625 2420 2699 duos

308 2758 433 2821 aut
468 2758 610 2819 tres
649 2743 1023 2820 Sacrorum
1064 2744 1435 2821 Antistites
1482 2758 1882 2834 numerant,
1921 2746 2234 2842 inspecto
2273 2746 2426 2819 diu-

308 2879 560 2943 turnae
597 2867 1103 2961 persecutionis
1142 2868 1206 2938 in
1236 2859 1622 2941 Ecclesiam
1656 2871 1915 2962 impetu
1954 2881 2026 2941 ct
2056 2868 2426 2942 conatibus

309 2987 679 3082 impiorum
749 2988 835 3059 ad
898 2988 1099 3061 iidem
1166 2985 1581 3063 catholicam
1638 3011 1722 3061 ex
1781 2988 2028 3062 animis
2084 2984 2422 3063 Italorum

308 3108 775 3192 evellendam,
806 3106 1135 3200 inspectis
1175 3108 1639 3182 maximarum
1673 3108 2269 3205 perturbationum
2299 3129 2426 3202 pe-

311 3229 569 3315 riculis,
626 3250 803 3323 quae
845 3228 1040 3303 civili
1080 3228 1209 3323 ipsi
1248 3228 1560 3302 societati
1619 3230 2053 3324 impendent,
2091 3240 2424 3303 cunctan-

311 3350 473 3423 dum
531 3350 823 3444 amplius
882 3372 1017 3423 non
1076 3372 1231 3423 esse
1290 3333 1775 3438 iudicavimus,
1830 3352 1998 3445 quin
2064 3371 2265 3444 opem
2320 3348 2428 3423 di-

310 3472 511 3545 lectis
564 3468 726 3541 filiis
782 3466 1019 3542 ltaliae
1076 3470 1427 3555 fidelihus,
1467 3492 1770 3565 quorum
1824 3472 2035 3545 etiam
2082 3472 2422 3544 clamores

310 3592 399 3665 de
452 3612 579 3665 sua
634 3590 935 3665 orbitate
990 3592 1429 3686 querentium
1484 3593 1573 3664 ad
1620 3586 1762 3665 Nos
1816 3612 2024 3685 saepe
2083 3610 2424 3685 pervene-

312 3722 502 3797 runt,
560 3712 1017 3806 quantumin
1056 3706 1271 3785 Nobis
1325 3723 1458 3798 cst,
1517 3710 1947 3796 afferremus,
1995 3714 2216 3807 iisque
2271 3710 2423 3785 vir-

312 3844 465 3909 tute
520 3842 871 3927 spectatos
925 3832 1465 3928 praeficeremus
1506 3828 1906 3919 Antistites,
1943 3831 2059 3927 qui
2099 3826 2228 3905 Dei
2281 3834 2423 3927 glo·

310 3954 411 4029 ria
464 3966 535 4027 et
588 3956 863 4048 negotio
904 3956 1301 4029 animarum
1340 3956 1581 4029 salutis
1620 3956 1752 4028 sibi
1787 3956 1990 4028 unice
2038 3954 2419 4051 proposito,

313 4078 383 4149 in
436 4076 611 4149 haec
668 4096 911 4149 omnes
969 4096 1132 4149 suas
1189 4097 1391 4151 curas
1446 4087 1520 4149 et
1574 4078 1804 4150 zelum
1861 4076 2221 4149 adiiciant.

524 4192 703 4272 Suos
754 4198 991 4291 itaque
1028 4192 1413 4291 Episcopos
1447 4196 1762 4271 viduatis
1803 4194 2046 4271 ltaliae
2084 4192 2422 4272 Ecclesiis

312 4320 387 4395 in
426 4318 711 4393 nomine
750 4314 905 4393 lesu
942 4312 1208 4394 Christi
1248 4312 1407 4391 Filii
1445 4312 1577 4395 Dei
1612 4321 1872 4415 partim
1927 4318 2266 4395 hodierna
2307 4318 2422 4395 die

1899 4442 2003 4529 23
