3292 5275
848 488 1009 689 {u
1060 692 1069 707 .
1112 644 1165 713 ῑ,
1260 654 1267 663 ·
1342 686 1349 696 -
1609 622 2232 718 DECRETVM

1412 884 1472 974 s.
1533 902 2076 976 concanonicum)
2130 900 2424 971 comm.

874 2084 1237 2247 Actuosi
1297 2171 1707 2266 iniquarum
1762 2180 2117 2243 sectarum
2169 2170 2507 2255 asseclae,
2553 2169 2674 2261 qui
2731 2168 3004 2263 ubique

872 2296 1021 2367 tere
1076 2313 1309 2365 rerum
1364 2293 1571 2386 potiti
1627 2312 1900 2364 omnem
1964 2301 2371 2385 pervertere
2425 2290 2770 2369 ordinem,
2811 2289 3004 2381 ipsa-

872 2433 1010 2509 que
1046 2412 1583 2485 constitutionis
1622 2406 1974 2484 Ecclesiae
2034 2408 2300 2484 Christi
2359 2410 2816 2483 fundamenta
2859 2413 3008 2483 suf-

874 2533 1113 2606 fodere
1150 2543 1521 2616 conantur,
1552 2532 1766 2604 etiam
1803 2533 1874 2603 in
1914 2533 2260 2607 catholica
2299 2528 2499 2603 Italia
2538 2530 2772 2626 plebes
2809 2553 3010 2604 com-

873 2675 1159 2729 movere
1215 2655 1515 2738 audent,
1573 2665 1654 2729 ut
1719 2655 2072 2729 imitantes
2141 2653 2484 2728 nefarium
2547 2654 3004 2746 quorundam

877 2769 1407 2850 Helveticorum
1460 2777 1890 2868 exemplum,
1931 2776 2042 2848 ius
2097 2775 2404 2867 eligendi
2462 2774 2788 2868 proprios
2845 2773 3006 2845 ani-

876 2917 1152 2968 marum
1205 2883 1743 2970 curatores'sibi
1783 2897 2109 2970 audacter
2161 2907 2522 2989 usurpent.
2579 2891 2754 2979 Nec,
2817 2895 3006 2988 quod

880 3015 1186 3089 deterius
1240 3027 1374 3103 est,
1413 3016 1629 3088 defuit
1673 3017 1866 3087 inter
1906 3017 2179 3111 aliquos
2218 3015 2734 3110 perditissimos
2775 3019 3010 3088 eccle-

880 3137 1199 3210 siasticos
1254 3135 1475 3224 viros»,
1514 3139 1639 3230 qui
1697 3157 1955 3210 munus
2013 3137 2411 3230 parochiale
2465 3146 2616 3209 tam
2669 3157 3008 3227 perverse

882 3255 1017 3328 sibi
1102 3256 1411 3328 delatum
1489 3257 1878 3348 suscipere,
1939 3266 2144 3351 atque
2211 3258 2422 3328 etiam
2503 3255 2692 3330 obire
2775 3259 3012 3352 impu-

881 3375 1131 3448 denter
1168 3379 1733 3470 praesumpserit.
1781 3373 2217 3449 Detestabile
2257 3397 2426 3449 sane
2464 3377 2779 3465 facinuS,
2819 3381 3012 3474 quod

884 3491 1457 3571 Ecclesiasticam
1494 3492 1984 3569 Hierarchiam
2043 3499 2298 3570 evertit
2355 3499 2816 3594 funditusque
2857 3521 3016 3593 pes-

886 3615 1163 3689 sumdat
1194 3638 1215 3687 z
1254 3616 1600 3710 siquidem
1638 3613 1999 3690 docendus
2043 3627 2146 3689 est
2176 3615 2513 3716 populus,
2556 3621 2788 3713 inquit
2823 3617 3014 3694 Cae-

885 3736 1172 3809 lestinus
1225 3732 1449 3829 Papa,
1504 3759 1649 3810 non
1710 3734 2132 3834 sequendus,
2193 3761 2484 3838 nosque,
2541 3738 2607 3812 si
2658 3739 3014 3824 nescium,

886 3877 1005 3928 eos
1054 3853 1230 3956 quid
1282 3853 1520 3939 liceat,
1558 3854 1818 3956 quidve
1874 3878 2016 3930 non
2074 3853 2311 3946 liceat,
2353 3883 2823 3946 commonere,
2873 3885 3020 3935 non

888 3975 998 4050 his
1076 3995 1489 4050 consensum
1562 3975 1912 4075 praebere
1997 3975 2324 4052 debemus
2378 3973 2508 4080 (1).
2564 3977 3018 4056 Temerarius

890 4097 1183 4192 proinde
1238 4118 1448 4170 ausus
1536 4109 1788 4171 contra
1856 4110 2119 4170 statuta
2173 4095 2597 4175 Sanctorum
2653 4097 2962 4176 Patr-um
2991 4154 3014 4186 ‚

891 4219 1159 4293 crimen
1211 4231 1357 4292 tam
1410 4217 1839 4308 ambitionis,
1879 4245 2095 4324 quam
2133 4221 2680 4314 inobedientiae,
2721 4247 2810 4300 ex
2841 4251 3012 4324 quo,

1052 4380 1133 4468 (1)
1174 4383 1331 4454 Can.
1376 4383 1708 4454 Docondm
1745 4387 1790 4456 2
1825 4390 1971 4455 dist.
2011 4387 2120 4458 63.
