3292 5275
849 495 1007 578 298

849 638 1415 712 coniunctissima
1469 653 1594 730 pro
1652 631 2004 712 catholica
2042 629 2177 712 fide
2216 647 2501 712 strenue
2540 638 2974 711 decertavit.

1053 753 1394 851 Equidem
1449 758 1588 830 iam
1647 759 1915 851 aliquot
1970 759 2057 828 ab
2124 757 2281 829 hinc
2346 762 2549 830 aunis
2620 759 2979 853 quaedam

845 881 919 952 in
955 881 1092 952 isto
1129 875 1428 970 Imperio
1481 881 1663 956 latae
1721 887 1887 956 sunt
1946 879 2141 968 leges
2183 889 2255 958 et,
2290 876 2767 956 ordinationes
2804 901 2985 954 san·-

841 998 1162 1072 ctissimis
1201 996 1558 1076 Ecclesiae
1613 999 1891 1074 iuribus
1926 1009 1999 1072 et
2042 997 2503 1076 sollemnibus
2540 1002 2764 1091 pactis
2802 1023 2983 1072 cou-

843 1121 1072 1192 ventis
1126 1121 1330 1212 plane
1401 1119 1743 1196 adversae
1776 1165 1796 1202 ,
1852 1141 2027 1212 quas
2082 1121 2155 1190 in
2210 1113 2467 1192 Nostra
2526 1122 2971 1194 allocutione

841 1241 928 1312 ad
991 1235 1439 1348 Venerabiles
1503 1236 1779 1312 Fratres
1833 1236 1909 1310 S.
1952 1237 2036 1310 R.
2080 1235 2167 1310 E.
2226 1235 2645 1313 Cardinales
2723 1241 2975 1314 habita

837 1362 952 1432 die
1006 1354 1111 1433 22
1165 1358 1348 1432 Iunii
1407 1353 1582 1432 anno
1645 1351 1845 1433 1868
1901 1361 2372 1433 condemnare
2428 1373 2501 1433 et
2558 1361 2799 1434 irritas
2836 1363 2979 1435 de-

839 1482 1100 1556 clarare
1139 1504 1266 1574 pro
1305 1479 1510 1552 officii
1565 1477 2143 1556 Nostri-munere
2182 1482 2564 1556 debuimus.
2604 1475 2729 1584 (1)
2775 1477 2979 1556 Nunc

841 1625 1012 1677 vero
1086 1604 1380 1695 publicis
1447 1599 1731 1694 Imperii
1789 1599 2113 1675 Comitiis
2154 1603 2651 1695 )exponendae
2706 1613 2781 1675 et
2838 1627 2977 1696 ap-

842 1724 1237 1818 probandae
1292 1735 1793 1816 proponuntur
1850 1745 2079 1798 novae
2120 1725 2335 1814 leges»,
2366 1745 2551 1818 quae
2606 1747 2693 1797 eo
2748 1729 2975 1797 mani-

841 1843 1014 1920 feste
1070 1855 1420 1937 spectant,
1477 1854 1555 1914 ut
1613 1845 1965 1918 catholica
2020 1839 2339 1915 Ecclesia
2394 1843 2463 1914 in
2521 1844 2979 1937 perniciosis-

841 1967 1090 2040 simam
1147 1967 1565 2042 servitutem
1621 1965 1754 2037 sub
1807 1957 2099 2037 arbitrio
2157 1961 2389 2038 civilis
2464 1965 2917 2039 auctoritatis
2951 2015 2974 2052 ,

840 2099 1082 2162 contra
1139 2088 1455 2158 divinam
1507 2082 1669 2158 lesu
1729 2082 1995 2158 Christi
2056 2081 2336 2158 Domini
2391 2079 2630 2159 Nostri
2688 2087 2977 2160 institu-

841 2209 1132 2292 tionem,
1190 2208 1477 2280 omnino
1543 2207 1919 2300 redigatur.

1053 2323 1350 2400 Humaul
1389 2328 1580 2399 enim
1619 2329 1896 2418 generis
1934 2322 2231 2401 Creator
2268 2339 2345 2400 et
2370 2321 2801 2420 Redemptor
2834 2322 2977 2399 Ec-

839 2450 1130 2521 clesiam
1183 2449 1506 2522 mod-vit
1580 2459 1939 2540 tamquam
2012 2447 2300 2519 visibile.
2364 2467 2571 2520 sunm
2632 2449 2704 2518 in
2762 2449 2974 2521 terris

839 2591 1158 2663 regnum,
1215 2589 1350 2642 non
1408 2568 1612 2643 modo
1692 2569 2217 2662 supernaturali
2294 2567 2705 2642 charismate
2764 2570 2977 2643 infal-

839 2692 1051 2763 libilis
1089 2691 1470 2783 magisterii
1507 2691 1598 2763 ad
1637 2710 1904 2762 sacram
1960 2691 2354 2763 doctrinam
2416 2692 2861 2777 tradendam,
2902 2706 2973 2765 et

839 2811 1262 2885 sanctissimi
1301 2812 1669 2885 sacerdotii
1706 2812 1791 2883 ad
1827 2808 2157 2884 divinum
2210 2810 2479 2885 cultum
2534 2813 2973 2887 animarum·

839 2948 978 3025 que
1035 2930 1662 3005 sanctificationem
1732 2928 2068 3005 sacrificio
2117 2943 2197 3003 et
2226 2928 2727 3005 'sacramentis
2804 2953 2971 3025 pno-

845 3054 1297 3134 movendam,
1349 3072 1594 3126 verum
1641 3054 1860 3125 etlam
1918 3051 2199 3147 propria
2240 3065 2315 3125 et
2350 3054 2563 3147 plena
2604 3052 2971 3145 regiminis

841 3181 1190 3267 potestate
1247 3174 1669 3247 instructum
1722 3164 1809 3245 ad
1868 3174 2179 3245 ferendas
2234 3170 2423 3265 leges
2456 3218 2481 3259 ,
2535 3174 2628 3247 ad
2696 3175 2969 3249 iudicia

837 3296 1255 3378 exercenda,
1284 3296 1376 3365 ad
1408 3293 1763 3372 salubrem
1818 3293 2321 3368 coercitionem
2375 3290 2843 3367 adhibendam
2894 3296 2967 3367 in

839 3416 1050 3489 robus
1121 3412 1446 3490 omnibus
1509 3434 1691 3511 quae
1750 3418 1838 3489 sd
1894 3418 2255 3594 proprium
2308 3414 2524 3488 finem
2576 3412 2779 3507 regni
2830 3411 2967 3489 Dei

833 3544 910 3615 in
965 3540 1164 3616 terris
1211 3544 1634 3632 pertineant

1055 3649 1408 3751 Quoniam
1445 3676 1618 3734 vero
1656 3578 2203 3753 supernaturalis
2238 3654 2418 3731 haee
2456 3654 2813 3749 regiminis
2848 3682 2967 3733 ee·

835 3784 1218 3859 cleslastlci
1273 3794 1620 3875 moestae,
1653 3798 1741 3854 ox
1794 3774 1945 3872 ipsa
1982 3774 2137 3856 lesu
2172 3776 2437 3853 Clu-isti
2490 3780 2961 3865 institutione,

836 3891 1112 3979 diversa
1168 3920 1452 3998 prorsus
1507 3915 1616 3977 est
1671 3915 1883 3997 atque
1962 3902 2439 3996 independens
2500 3900 2597 3973 ab
2670 3903 2965 3993 imperio

833 4025 1182 4121 politiam
1235 4025 1492 4099 idcirco
1549 4024 1781 4117 ipsum
1819 4041 2108 4119 regnum
2146 4020 2277 4097 Dei
2306 4022 2382 4097 ln
2422 4025 2627 4095 terris
2662 4044 2967 4115 regnum

833 4158 939 4221 est
996 4136 1352 4221 societatis
1408 4150 1811 4241 perfectae,
1864 4147 2054 4240 qnod
2106 4146 2507 4226 ominetur
2558 4156 2633 4219 et
2690 4146 2961 4236 goher-

833 4278 1045 4343 natur
1095 4256 1266 4347 suld-
1299 4260 1777 4361 lamnas-iis
1832 4268 2319 4356 huillum-suis
2354 4270 2799 4361 praepositis,
2832 4270 2959 4362 qui

997 4424 1078 4509 (1)
1119 4426 1345 4490 Actor.
1391 4422 1542 4490 Vol.
1587 4390 1892 4505 IV.‘pag.
1935 4420 2075 4491 407.
