3292 5275
2279 502 2434 585 357

308 638 525 719 cient,
582 658 993 731 summoque
1033 638 1265 710 studio
1302 651 1541 729 agant,
1585 650 1666 713 ut
1723 638 1962 713 fideles
2019 663 2264 716 omnes
2310 667 2438 736 per

308 756 807 847 poenitentiam
900 754 1047 832 Deo
1105 760 1533 833 reconcilimi
1619 756 1912 832 lubilaei
1995 766 2294 853 gratiam
2361 766 2436 839 in

308 879 707 951 animarum
762 901 1045 951 suerum
1084 882 1361 955 lucrum
1418 881 1936 973 utilitatemque
1985 897 2434 959 convertent.

309 992 555 1091 ltaque
595 1012 875 1072 vestrae
932 1002 1271 1093 imprimis
1310 1023 1521 1073 curae
1558 1001 1720 1087 erit,
1750 996 2210 1079 ‘Venerabilcs
2264 1002 2322 1079 F
2325 1030 2441 1080 ra·-

312 1129 475 1204 tres»,
529 1131 613 1192 >ut
668 1120 1036 1212 implorata
1092 1123 1388 1213 primum
1448 1122 1744 1214 publicis
1799 1122 2126 1217 precibus
2183 1121 2440 1201 Divina

307 1234 699 1313 Clementia
755 1242 843 1312 ad
900 1242 1033 1313 boc
1089 1252 1165 1314 ut
1224 1245 1535 1315 omnium
1592 1252 1862 1319 mentes
1917 1256 1992 1317 et
2045 1248 2258 1319 corda
2313 1268 2438 1321 sus

308 1358 464 1433 luce
520 1373 592 1433 et
644 1363 864 1453 gratia
923 1364 1331 1453 perfundat,
1391 1366 1803 1457 opportunis
1861 1364 2440 1441 instructionibus

308 1491 381 1551 et
432 1482 1031 1557 admonitionibus
1080 1478 1481 1557 Christiana
1522 1486 1722 1577 plebs
1758 1486 1846 1559 ad
1903 1487 2436 1579 percipiendum

309 1596 600 1675 lubilaei
658 1601 961 1677 fructum
1016 1604 1395 1695 dirigatur,
1447 1618 1660 1699 atque
1715 1619 2046 1681 accurate
2103 1606 2440 1703 intelligat

308 1744 488 1815 quae
542 1724 633 1795 sit
688 1723 1049 1797 christiani
1107 1722 1395 1798 lubilaei
1454 1727 1542 1799 ad
1598 1728 1990 1801 animarum
2065 1728 2438 1805 utilitatem

311 1865 391 1917 ac
447 1846 719 1920 lucrum
775 1847 887 1918 vis
942 1858 1015 1919 et
1072 1856 1348 1930 natura,
1410 1848 1483 1918 in
1538 1869 1682 1939 quo
1739 1846 2440 1940 spiritualiratione

309 1986 393 2039 ea
448 1967 631 2041 bona
686 1988 811 2061 per
866 1962 1133 2040 Christi
1192 1962 1465 2041 Domini
1506 1967 1844 2041 virtutem
1882 1971 2438 2045 cumulatissime

310 2089 781 2180 complentur,
819 2110 999 2184 quae
1038 2110 1223 2161 anno
1260 2089 1581 2181 quolibet
1618 2089 2204 2183 quinquagesimo
2251 2093 2440 2186 apud

308 2205 671 2283 Iudaicum
724 2206 1073 2303 Populum
1129 2194 1247 2281 lein
1301 2221 1509 2282 vetus
1562 2211 1826 2283 nuncia
1879 2212 2274 2286 futurorum
2331 2213 2442 2287 in·

308 2343 655 2421 vexeram
713 2344 929 2425 utque
984 2329 1188 2403 simul
1274 2342 1427 2421 apte
1494 2330 1870 2403 edoceatur
1923 2331 2011 2403 de
2066 2332 2442 2427 indulgen·

309 2454 567 2525 tim-um
621 2454 721 2537 vi,
776 2474 857 2524 sc
914 2452 1001 2523 de
1056 2449 1139 2523 iis
1198 2450 1554 2535 omnibu8‚
1602 2472 1794 2545 quae
1851 2454 1934 2523 ad
2007 2452 2441 2531 fructuosam

310 2583 759 2667 peccatorum
826 2574 1343 2649 confessionem
1430 2584 1503 2647 et
1560 2572 1649 2648 ad
1705 2568 2238 2652 Sacra-mentum
2291 2572 2448 2654 Eu-

309 2696 695 2768 charistiae
778 2708 1022 2768 sancte
1110 2697 1651 2790 percipiendum
1735 2711 2074 2791 peragere
2163 2697 2444 2774 dehent.

310 2811 660 2904 Quoniam
696 2839 873 2892 vero
928 2816 1189 2891 nedum
1244 2821 1672 2912 exemplum,
1715 2821 1840 2892 sed
1895 2820 2273 2894 ministerii
2325 2843 2450 2896 ec·-

314 2938 695 3020 clesisstici
780 2957 995 3030 opera
1080 2941 1367 3012 omnino
1450 2939 1854 3033 requiritur,
1913 2954 1992 3014 ut
2047 2940 2442 3035 in,=populo

312 3053 445 3132 Dei
482 3053 699 3151 optati
759 3057 1327 3132 sanctificationis
1368 3062 1639 3132 fructus
1699 3059 2118 3148 habeantur,
2155 3071 2444 3144 vestro-

309 3202 469 3255 rum
543 3177 1005 3254 sacerdotum
1080 3181 1344 3263 zelum,
1404 3174 1553 3252 VV.
1614 3175 1924 3265 Fratres,
1981 3181 2066 3252 ad
2121 3182 2446 3256 ministe-

311 3300 493 3374 rium
532 3303 779 3374 salutis
834 3301 965 3376 boc
1006 3301 1451 3394 potissimum
1495 3312 1808 3392 tempore
1854 3303 2193 3378 ,alacriter
2245 3321 2446 3378 exer-

312 3423 619 3498 cendum
676 3421 1105 3496 inflammare
1163 3443 1297 3494 non
1336 3420 1690 3496 omittite:
1749 3433 1956 3518 atque
1996 3423 2086 3496 sd
2120 3445 2444 3501 eommu-

314 3565 409 3616 ne
464 3544 750 3627 bonum,
811 3544 927 3617 ubi
984 3544 1112 3616 boc
1168 3542 1322 3619 fieri
1379 3541 1625 3637 possit,
1668 3544 2050 3638 plurimum
2103 3545 2444 3642 conferet,

316 3663 375 3738 si
430 3663 567 3757 ipsi
624 3664 915 3757 pietatis
972 3675 1047 3738 et
1101 3665 1463 3756 religionis
1520 3663 1830 3758 exemplo
1883 3663 2286 3742 christiano·
2319 3691 2448 3763 poa

316 3787 483 3879 pulo
562 3797 1023 3880 praeeunteS,
1064 3786 1569 3877 spiritualium
1650 3783 2226 3861 exercitationum
2310 3811 2444 3884 ope

318 3929 484 3982 suae
544 3921 830 3983 sanctae
867 3907 1260 3981 vocationis
1300 3905 1617 4000 spiritum
1655 3917 2033 3993 renovent,
2071 3920 2154 3982 ut
2191 3909 2444 3985 deinde

315 4029 558 4102 utilius
592 4050 675 4102 ac
714 4031 1097 4103 salutarius
1136 4030 1211 4100 in
1252 4027 1393 4104 suis
1450 4028 1862 4102 muneribus
1917 4030 2314 4121 explendis,
2371 4043 2446 4106 et

317 4149 389 4222 in
442 4149 659 4224 sacris
712 4147 1169 4226 missionibus
1223 4149 1403 4243 apud
1462 4150 1794 4242 populum
1863 4147 2232 4237 habendis,
2291 4164 2446 4228 sta·-

319 4282 503 4346 tuto·
535 4295 578 4346 u
632 4266 845 4345 Vobis
903 4272 1150 4352 ordine
1186 4281 1263 4342 et
1301 4271 1575 4344 ratione
1629 4281 2024 4354 versenturi
2065 4265 2246 4346 Cum
2285 4295 2448 4368 por-

317 4413 401 4471 ro
456 4401 565 4468 tot
620 4394 767 4468 sint
822 4393 955 4467 hoc
1011 4392 1285 4466 saeculo
1338 4393 1556 4479 mala,
1612 4413 1798 4492 quae
1875 4405 2328 4510 reparentur-,¹
2370 4407 2446 4470 et
