3292 5275
258 628 396 691 tur.
455 610 721 688 Videtis
780 612 991 706 igitur
1044 624 1309 707 quanta
1372 608 1583 687 Vobis
1624 612 2068 705 suscipienda
2112 616 2204 687 sit
2240 618 2380 689 sol-

254 737 575 821 licitudo,
616 747 695 808 ut
731 734 973 807 fideles
1009 734 1423 808 catholicam
1464 734 1549 807 de
1588 730 2044 810 Sacramento
2097 734 2216 807 illo
2272 747 2380 818 te-

257 868 477 933 neant
522 856 941 939 doctrinam,
981 864 1053 929 ct
1090 856 1177 928 ad
1218 854 1599 949 parendum
1638 856 2072 929 adducantur
2127 850 2388 930 Eccle-.

260 980 403 1053 siae
458 978 753 1070 legibus,
793 978 1213 1070 funestaque
1274 977 1397 1047 illa
1453 969 1908 1049 Christianae
1945 976 2396 1058 educationis,

260 1100 639 1191 pernicies,
676 1108 1025 1191 quantum
1060 1096 1231 1169 eniti
1273 1096 1559 1171 hortatu
1598 1108 1668 1168 et
1704 1098 2117 1171 auctoritate
2157 1098 2385 1199 possi-

264 1221 375 1305 tis,
416 1243 453 1291 a
490 1216 897 1293 Christiano
955 1218 1213 1311 populo
1272 1230 1740 1291 amoveatur:
1781 1217 2162 1309 generatim
2215 1238 2384 1294 vcro

262 1351 343 1412 ut
396 1340 759 1413 catholicis
814 1340 1129 1413 moribus
1184 1346 1396 1430 atque
1454 1336 1794 1411 institutis
1855 1338 2262 1411 imbuantur
2310 1359 2386 1410 a·-

263 1459 729 1545 dolescentes,
782 1472 857 1533 et
912 1458 1167 1532 eisdem
1226 1458 1397 1550 ipsis
1454 1460 1810 1545 instando,
1855 1468 1929 1531 et
1985 1458 2386 1550 parentibus

264 1592 334 1654 et
386 1582 1002 1675 praeceptoribus,
1062 1577 1515 1668 contendite3
1594 1582 2001 1671 praesertim
2081 1602 2256 1655 vero
2309 1591 2402 1662 ut¹

265 1715 563 1778 caveant
618 1726 658 1776 a
714 1702 1227 1785 seductoribus,
1280 1712 1359 1775 ut
1412 1703 1585 1774 adeo
1641 1715 2090 1797 propagatam
2142 1705 2394 1780 miser-

265 1826 445 1899 rima
499 1837 885 1917 temporum
926 1822 1329 1897 conditione
1372 1822 1782 1914 opinionum
1843 1825 2398 1898 sententiarum-

263 1969 399 2042 que
454 1947 895 2040 pravitatem,
934 1955 1007 2016 et
1042 1943 1227 2015 unde
1281 1944 1643 2017 teterrima
1697 1945 2040 2020 malorum
2073 1944 2410 2025 omnium,

266 2090 461 2161 seges
516 2078 669 2141 orta
722 2077 856 2153 est,
910 2065 1123 2137 libros
1178 2063 1531 2157 religioni,
1590 2064 1934 2149 moribus,
1987 2064 2210 2159 quieti
2265 2088 2416 2159 pu-.

263 2189 493 2263 blicae
546 2189 841 2261 infestos
896 2187 1465 2279 perhorrescant.
1510 2181 1712 2274 Quae
1749 2198 1832 2259 ut
1883 2188 2102 2278 pestis
2158 2188 2402 2281 prohi-

263 2309 516 2382 beatur
553 2332 593 2382 a
632 2308 819 2381 fideli
880 2308 1166 2400 populo,
1216 2327 1379 2380 eum
1436 2307 1822 2380 identidem
1881 2308 2402 2385 admonendum

266 2444 535 2512 curate,
590 2451 807 2525 quam
862 2428 1053 2503 iuste
1091 2450 1169 2503 ae
1226 2429 1607 2517 salubriter
1661 2440 1735 2503 et
1789 2452 1830 2501 a
1883 2423 2404 2507 Praedecesso-

266 2551 461 2623 ribus
532 2545 838 2636 Nostri3‚
896 2561 969 2621 et
1020 2571 1059 2622 a
1114 2544 1537 2623 Christianis
1601 2543 2052 2644 Principibus
2121 2561 2406 2631 cautum

274 2673 393 2758 sit,
454 2695 543 2746 ne
598 2673 759 2745 libri
834 2669 1237 2745 huiusmodi
1324 2671 1799 2755 retineantur,
1854 2671 2256 2768 nullamque
2317 2696 2404 2748 ea

268 2788 346 2864 in
384 2814 461 2865 re
498 2793 789 2867 nimiam
842 2790 1279 2882 vigilantiam
1335 2809 1718 2885 curamque
1767 2791 2190 2866 existimate.
2238 2788 2407 2870 Om-

268 2913 385 2986 nis
425 2925 663 2989 autem
704 2914 984 2997 aetam,
1026 2933 1267 3000 seme,
1306 2909 1736 2984 conditionis
1791 2914 2214 2990 mortalibus
2249 2931 2409 2990 con·

270 3034 530 3110 sultam
590 3035 834 3119 fuerit,
878 3033 936 3104 si
992 3033 1293 3107 salutari
1350 3033 1609 3126 pabulo
1673 3033 1950 3107 assidue
2015 3033 2412 3110 nutriantur

270 3157 475 3231 verbi
532 3151 842 3236 Domini,
902 3156 961 3227 si
1024 3157 1357 3247 frequens
1414 3151 1734 3227 foveatur
1785 3175 1955 3226 usus
2011 3151 2416 3231 Sacramen-

272 3287 529 3363 torum,
570 3276 626 3349 si
664 3277 764 3372 pii
822 3286 1101 3360 coetus,
1158 3273 1423 3367 quibus
1481 3285 1856 3369 utrumqne
1907 3275 1999 3348 sit
2035 3277 2112 3348 in
2165 3275 2429 3368 primia-

273 3400 742 3493 propositum,
802 3398 919 3472 vel
1002 3395 1479 3489 provehantur
1571 3397 2006 3491 quicumque
2071 3394 2239 3485 sint,
2295 3403 2414 3478 val

275 3517 445 3594 novi
502 3519 713 3592 etiam
768 3516 1251 3590 instituantur.

494 3632 633 3713 Sed
690 3639 778 3711 ad
836 3637 1005 3710 haec
1060 3636 1419 3710 efficienda
1478 3636 1926 3712 adiutoribus
1974 3634 2187 3713 Vobis
2239 3659 2410 3734 opus

277 3772 419 3846 est,
458 3783 631 3856 quos
668 3760 953 3834 vocavit
986 3754 1325 3831 Dominus
1359 3759 1724 3851 operarios
1755 3759 1828 3832 in
1860 3761 2138 3834 vineam
2177 3779 2411 3836 suam.

280 3881 523 3974 Quare
580 3883 949 3956 admonete
1002 3901 1125 3954 eos
1178 3880 1459 3952 assidue
1514 3901 1734 3975 quam
1791 3899 1932 3952 non
1987 3879 2158 3974 ipsis
2212 3879 2421 3956 liceat

282 4028 439 4080 esse
493 4005 766 4088 otiosis„
818 4023 1167 4098 quamque
1222 4023 1507 4076 necesse
1566 4002 1680 4089 sit,
1739 4013 1820 4076 ut
1874 4025 2159 4097 operam
2216 4025 2419 4080 suam

284 4127 653 4213 conferant
708 4124 797 4198 ad
879 4145 1113 4198 mores
1198 4125 1439 4218 populi
1523 4124 2016 4198 moderandos.
2075 4121 2430 4218 lnquirite.

288 4247 537 4320 sedulo
594 4247 669 4317 in
740 4265 985 4319 eorum
1037 4247 1292 4330 vitam,
1346 4265 1734 4331 sermones,
1791 4247 2196 4327 convictus,
2249 4269 2423 4323 con·

288 4369 749 4444 suetudines:
816 4390 855 4437 a
898 4388 1147 4442 manus
1202 4368 1397 4441 enim
1450 4367 1761 4453 sordida,
1821 4379 1904 4442 ut
1957 4366 2057 4439 ait
2111 4361 2186 4440 S.
2240 4361 2424 4442 Gre-
