3292 5275
2239 494 2390 577 12⁸1

286 639 469 715 ratio
490 689 511 728 ,
566 660 749 735 quae
826 638 897 709 in
958 648 1205 711 sancto
1257 632 1517 710 Altaris
1570 633 1934 712 Sacrificio
1966 686 1988 723 ,
2044 646 2258 733 atque
2309 638 2382 711 in

282 762 549 835 divinis
600 760 849 833 officiis
884 757 1035 831 fieri
1073 759 1281 842 solet,
1318 758 1738 843 intermissa,
1795 769 1868 831 et
1902 754 2172 831 Fratris
2201 756 2390 833 lose-

284 882 409 975 pbi
438 878 729 953 Arakial
764 876 1087 973 Episcopi
1142 875 1499 971 Ancyrani
1552 880 1704 972 qui,
1767 872 2168 971 Apostolica
2205 874 2386 953 Sede

282 1014 675 1085 annuente,
712 1000 1051 1073 vicariam
1105 996 1441 1091 praedicti
1477 993 1932 1071 Patriarehae
1969 1006 2390 1093 potestatem

280 1120 895 1215 Constantinopoli
957 1130 1289 1205 exercet,
1344 1119 1722 1191 detrectata
1803 1120 2001 1206 sint3
2063 1118 2388 1214 illiusque

282 1244 644 1326 mandata,
682 1244 855 1336 quin
890 1252 965 1314 et
1014 1260 1353 1314 censurae
1406 1240 1599 1332 ipsae
1636 1237 2136 1313 contumaciter
2189 1260 2390 1335 spre-

282 1374 429 1449 tae,
468 1363 653 1437 futili
706 1358 1007 1457 quadam
1059 1358 1291 1453 specie
1330 1357 1848 1453 provocationis
1903 1380 2026 1432 seu
2082 1361 2392 1453 appella-

282 1481 501 1555 tionis
556 1484 639 1555 ad
704 1480 779 1555 S.
838 1478 1090 1555 Sedem
1144 1482 1431 1555 obtenta
1461 1526 1483 1565 ,
1540 1490 1623 1555 ut
1685 1478 1980 1553 rebelles
2033 1474 2388 1553 Antistitis

278 1602 477 1677 illius
529 1604 1039 1677 correctionem
1090 1598 1536 1693 effugerent3
1586 1601 1842 1695 quibus
1905 1600 2194 1675 ausibus
2247 1622 2388 1674 non

278 1724 435 1795 sine
486 1724 827 1798 bonorum
881 1721 1337 1797 admiratione
1413 1730 1489 1793 et
1562 1719 1888 1794 scandalo
1939 1721 2128 1795 baud
2185 1721 2388 1815 pauci

278 1864 371 1915 ex
426 1839 837 1918 Antonianis
890 1840 1247 1919 Monacbis
1300 1852 1832 1915 consenserunt.

496 1960 740 2039 Rebus
784 1966 885 2037 ita
938 1985 1015 2039 se
1066 1962 1487 2037 habentibus
1517 2009 1541 2048 ,
1596 1956 1738 2034 Nos
1817 1982 1906 2035 ex
1988 1956 2387 2055 Apostolico

276 2083 675 2159 ministerio
724 2082 1031 2159 fidelium
1109 2084 1429 2157 omnium
1509 2080 1972 2155 incolumitati
2051 2095 2124 2153 et
2203 2081 2386 2157 bono

278 2215 617 2298 paternae
690 2206 1007 2278 caritatis
1090 2202 1347 2277 affeetu
1422 2202 1880 2293 advigilantes
1941 2200 2131 2291 hisce
2183 2203 2386 2275 malis

278 2324 567 2420 aliquod
624 2326 1005 2399 remedium
1042 2320 1477 2397 affluendum
1512 2322 2094 2395 existimavimus.
2151 2316 2388 2410 Quare

280 2466 423 2519 una
460 2466 619 2519 eum
672 2438 815 2515 VV.
854 2438 1525 2517 Fratribus-Nostris
1570 2436 1647 2512 S.
1667 2436 1854 2512 RE.
1901 2436 2388 2525 cardinalibus

278 2564 773 2660 propagandae
798 2559 987 2637 Ifidei
1040 2576 1114 2637 et
1168 2562 1467 2655 negotiis
1512 2556 1888 2635 orientalis
1921 2556 2127 2635 Ritus
2181 2581 2388 2656 prae-

277 2687 556 2780 positis,
614 2685 825 2759 rebus
878 2684 1199 2758 omnibus
1250 2694 1527 2756 maturo
1566 2681 2024 2776 diligentique
2077 2681 2386 2774 examine

274 2807 671 2901 perpensis,
730 2803 860 2892 Te,
914 2801 1350 2878 Venerabilis
1402 2799 1650 2875 Frater
1672 2849 1696 2886 ,
1751 2823 1959 2898 quem
2038 2803 2171 2876 boc
2233 2805 2386 2896 ipso

272 2929 385 3000 die
443 2950 570 3022 per
624 2927 885 3001 similes
938 2922 1227 3000 Nostrae
1279 2919 1583 2998 Litteras
1635 2918 2078 3017 Apostolicas'
2128 2921 2212 2996 ab
2265 2919 2389 2997 Ni-

274 3050 677 3142 copolitana
738 3043 1047 3142 Ecclesia
1080 3094 1104 3131 ,
1160 3045 1439 3140 praevia
1503 3045 1950 3122 absolutione
2001 3065 2044 3116 a
2099 3045 2384 3120 vinculo

272 3189 417 3262 quo
470 3167 705 3241 dietae
756 3163 1121 3240 Ecclesiae
1176 3166 1561 3249 tenebaris,
1616 3166 1705 3238 de
1760 3157 2202 3257 Apostolicae
2255 3187 2385 3258 po-

274 3289 557 3362 tcstatis
592 3283 886 3361 Nostrae
942 3285 1375 3382 plenitudine
1428 3287 1637 3370 facta,
1677 3286 1766 3358 ad
1804 3280 2384 3379 Arebiepiscopa·

276 3409 413 3482 lem
452 3403 710 3482 Sedem
738 3403 1181 3500 Tyanensem
1218 3407 1291 3480 in
1331 3406 1652 3499 partibus
1687 3404 2072 3478 infidelium
2107 3425 2384 3497 promo-

274 3529 538 3611 vimus,
564 3525 909 3602 universis
937 3521 1315 3600 Antoniani
1344 3524 1838 3600 Armeniorum
1861 3518 2150 3596 Ordinis
2188 3545 2384 3617 prae·

274 3646 439 3721 dicti
516 3647 965 3740 omniumque
1042 3644 1347 3720 eiusdem
1430 3645 1690 3720 ordinis
1767 3638 2378 3732 Monasteriorum‚

276 3779 495 3860 atque
550 3761 1031 3859 Hospitiorum
1104 3766 1365 3860 ubique
1438 3766 1888 3840 existentium
1941 3757 2382 3838 visitatorem

276 3885 747 3980 Apostolicum
798 3885 1118 3971 facimus,
1156 3887 1668 3966 renuntiamus,
1705 3895 1780 3958 et
1835 3881 2324 3958 constituimus
2351 3907 2382 3973 3

275 4001 573 4102 Tibiaque
626 4025 869 4080 omnes
920 4018 995 4080 et
1050 4007 1359 4098 singulas
1395 4007 1766 4081 facultates
1821 4004 2254 4078 necessarias
2305 4017 2381 4079 et

274 4137 699 4220 opportunas
720 4127 811 4200 ad
836 4126 1247 4202 huiusmodi
1267 4147 1523 4200 vnumus
1550 4124 1978 4218 explendum
2002 4122 2380 4200 deserimus

276 4259 485 4342 atque
536 4247 995 4342 impertimus.
1056 4241 1213 4318 Tibi
1269 4257 1656 4340 praeterea,
1713 4240 2152 4318 Venerabilis
2205 4239 2379 4318 Fra-

278 4375 401 4453 ter,
438 4376 859 4461 potestatem
916 4365 1445 4458 subdelegandi,
1484 4367 1547 4439 si
1586 4387 1758 4462 opus
1810 4363 2058 4446 fuerit,
2099 4362 2188 4436 ad
2241 4363 2374 4438 boc
