<?xml version="1.0" encoding="UTF-8"?>
<!DOCTYPE html PUBLIC "-//W3C//DTD XHTML 1.0 Transitional//EN"
    "http://www.w3.org/TR/xhtml1/DTD/xhtml1-transitional.dtd">
<html xmlns="http://www.w3.org/1999/xhtml" xml:lang="en" lang="en">
 <head>
  <title>
</title>
<meta http-equiv="Content-Type" content="text/html;charset=utf-8" />
  <meta name='ocr-system' content='tesseract 3.04.00' />
  <meta name='ocr-capabilities' content='ocr_page ocr_carea ocr_par ocr_line ocrx_word'/>
</head>
<body>
  <div class='ocr_page' id='page_1' title='image "./piiixpontificis01ixgoog_0376.png"; bbox 0 0 3292 5275; ppageno 0'>
   <div class='ocr_carea' id='block_1_1' title="bbox 768 472 927 556">
    <p class='ocr_par' dir='ltr' id='par_1_1' title="bbox 768 472 927 556">
     <span class='ocr_line' id='line_1_1' title="bbox 768 472 927 556; baseline -0.013 0"><span class='ocrx_word' id='word_1_1' title='bbox 768 472 927 556; x_wconf 84' lang='lat'><strong>380</strong></span> 
     </span>
    </p>
   </div>
   <div class='ocr_carea' id='block_1_2' title="bbox 768 603 2734 952">
    <p class='ocr_par' dir='ltr' id='par_1_2' title="bbox 768 603 2734 952">
     <span class='ocr_line' id='line_1_2' title="bbox 768 603 2734 684; baseline -0.001 -12"><span class='ocrx_word' id='word_1_2' title='bbox 768 605 1021 672; x_wconf 79' lang='lat' dir='ltr'><strong>Similes</strong></span> <span class='ocrx_word' id='word_1_3' title='bbox 1067 642 1096 654; x_wconf 91' lang='lat'>-</span> <span class='ocrx_word' id='word_1_4' title='bbox 1146 607 1576 672; x_wconf 75' lang='lat' dir='ltr'><strong><em>Miserrimum</em></strong></span> <span class='ocrx_word' id='word_1_5' title='bbox 1624 606 1953 674; x_wconf 64' lang='lat' dir='ltr'><strong>Minionis</strong></span> <span class='ocrx_word' id='word_1_6' title='bbox 1995 609 2066 670; x_wconf 79' lang='lat' dir='ltr'><strong>dc</strong></span> <span class='ocrx_word' id='word_1_7' title='bbox 2115 605 2404 684; x_wconf 70' lang='lat' dir='ltr'><strong>Cui-acac</strong></span> <span class='ocrx_word' id='word_1_8' title='bbox 2429 641 2454 654; x_wconf 93' lang='lat'>-</span> <span class='ocrx_word' id='word_1_9' title='bbox 2502 607 2604 670; x_wconf 89' lang='lat' dir='ltr'><strong>die</strong></span> <span class='ocrx_word' id='word_1_10' title='bbox 2651 603 2734 671; x_wconf 75' lang='lat'><strong>‘25</strong></span> 
     </span>
     <span class='ocr_line' id='line_1_3' title="bbox 846 698 2732 784; baseline -0.001 -20"><span class='ocrx_word' id='word_1_11' title='bbox 846 703 999 764; x_wconf 89' lang='lat' dir='ltr'><strong>maii</strong></span> <span class='ocrx_word' id='word_1_12' title='bbox 1010 720 1035 780; x_wconf 74' lang='lat'>3</span> <span class='ocrx_word' id='word_1_13' title='bbox 1063 702 1297 782; x_wconf 83' lang='lat' dir='ltr'><strong>quibus</strong></span> <span class='ocrx_word' id='word_1_14' title='bbox 1328 700 1552 765; x_wconf 89' lang='lat' dir='ltr'><strong>Missio</strong></span> <span class='ocrx_word' id='word_1_15' title='bbox 1581 701 1660 764; x_wconf 89' lang='lat' dir='ltr'><strong>de</strong></span> <span class='ocrx_word' id='word_1_16' title='bbox 1693 699 1986 780; x_wconf 75' lang='lat' dir='ltr'><strong>Curacao</strong></span> <span class='ocrx_word' id='word_1_17' title='bbox 2019 701 2083 764; x_wconf 91' lang='lat' dir='ltr'><strong>in</strong></span> <span class='ocrx_word' id='word_1_18' title='bbox 2116 699 2413 765; x_wconf 78' lang='lat' dir='ltr'><strong>America</strong></span> <span class='ocrx_word' id='word_1_19' title='bbox 2445 698 2732 784; x_wconf 87' lang='lat' dir='ltr'><strong>Septem·</strong></span> 
     </span>
     <span class='ocr_line' id='line_1_4' title="bbox 847 791 2732 874; baseline -0.001 -16"><span class='ocrx_word' id='word_1_20' title='bbox 847 795 1108 858; x_wconf 85' lang='lat' dir='ltr'><strong>trionali</strong></span> <span class='ocrx_word' id='word_1_21' title='bbox 1148 795 1490 874; x_wconf 82' lang='lat' dir='ltr'><strong>religiosae</strong></span> <span class='ocrx_word' id='word_1_22' title='bbox 1522 791 2122 858; x_wconf 89' lang='lat' dir='ltr'><strong>Dominicianorum</strong></span> <span class='ocrx_word' id='word_1_23' title='bbox 2148 794 2429 859; x_wconf 78' lang='lat' dir='ltr'><strong>familiae</strong></span> <span class='ocrx_word' id='word_1_24' title='bbox 2459 815 2541 860; x_wconf 81' lang='lat' dir='ltr'><strong>ex</strong></span> <span class='ocrx_word' id='word_1_25' title='bbox 2573 793 2732 858; x_wconf 84' lang='lat' dir='ltr'><strong>Pro·</strong></span> 
     </span>
     <span class='ocr_line' id='line_1_5' title="bbox 848 887 2734 952; baseline -0.004 0"><span class='ocrx_word' id='word_1_26' title='bbox 848 889 1057 952; x_wconf 84' lang='lat' dir='ltr'><strong>vincia</strong></span> <span class='ocrx_word' id='word_1_27' title='bbox 1097 887 1483 952; x_wconf 84' lang='lat' dir='ltr'><strong>Hollandica</strong></span> <span class='ocrx_word' id='word_1_28' title='bbox 1535 887 1978 952; x_wconf 87' lang='lat' dir='ltr'><strong>demandatur.</strong></span> <span class='ocrx_word' id='word_1_29' title='bbox 2147 933 2162 950; x_wconf 95' lang='lat'><strong>.</strong></span> <span class='ocrx_word' id='word_1_30' title='bbox 2333 933 2348 950; x_wconf 87' lang='lat'><strong>.</strong></span> <span class='ocrx_word' id='word_1_31' title='bbox 2517 933 2532 948; x_wconf 88' lang='lat'><strong>.</strong></span> <span class='ocrx_word' id='word_1_32' title='bbox 2701 909 2734 946; x_wconf 82' lang='lat'>»</span> 
     </span>
    </p>
   </div>
   <div class='ocr_carea' id='block_1_3' title="bbox 766 1073 2742 2282">
    <p class='ocr_par' dir='ltr' id='par_1_3' title="bbox 766 1073 2742 2282">
     <span class='ocr_line' id='line_1_6' title="bbox 766 1073 2730 1142; baseline 0.002 -5"><span class='ocrx_word' id='word_1_33' title='bbox 766 1073 1101 1141; x_wconf 86' lang='lat' dir='ltr'><strong>Allocutio</strong></span> <span class='ocrx_word' id='word_1_34' title='bbox 1162 1077 1379 1140; x_wconf 88' lang='lat' dir='ltr'><strong>habita</strong></span> <span class='ocrx_word' id='word_1_35' title='bbox 1424 1077 1489 1138; x_wconf 90' lang='lat' dir='ltr'><strong>in</strong></span> <span class='ocrx_word' id='word_1_36' title='bbox 1542 1073 1938 1142; x_wconf 77' lang='lat' dir='ltr'><strong>Consistorio</strong></span> <span class='ocrx_word' id='word_1_37' title='bbox 2002 1073 2265 1140; x_wconf 89' lang='lat' dir='ltr'><strong>Secreto</strong></span> <span class='ocrx_word' id='word_1_38' title='bbox 2307 1075 2408 1138; x_wconf 89' lang='lat' dir='ltr'><strong>die</strong></span> <span class='ocrx_word' id='word_1_39' title='bbox 2449 1073 2530 1141; x_wconf 80' lang='lat'><strong>25</strong></span> <span class='ocrx_word' id='word_1_40' title='bbox 2572 1077 2730 1140; x_wconf 87' lang='lat' dir='ltr'><strong>iunii</strong></span> 
     </span>
     <span class='ocr_line' id='line_1_7' title="bbox 846 1167 2734 1251; baseline -0.001 -17"><span class='ocrx_word' id='word_1_41' title='bbox 846 1203 877 1216; x_wconf 92' lang='lat'>-</span> <span class='ocrx_word' id='word_1_42' title='bbox 906 1167 1147 1234; x_wconf 87' lang='lat' dir='ltr'><strong>Novam</strong></span> <span class='ocrx_word' id='word_1_43' title='bbox 1187 1181 1242 1234; x_wconf 79' lang='lat' dir='ltr'><strong>el</strong></span> <span class='ocrx_word' id='word_1_44' title='bbox 1278 1169 1634 1236; x_wconf 73' lang='lat' dir='ltr'><strong><em>Catholicae</em></strong></span> <span class='ocrx_word' id='word_1_45' title='bbox 1679 1167 1990 1251; x_wconf 70' lang='lat' dir='ltr'><strong><em>Ecclesiae</em></strong></span> <span class='ocrx_word' id='word_1_46' title='bbox 2015 1203 2048 1218; x_wconf 91' lang='lat'><em>-</em></span> <span class='ocrx_word' id='word_1_47' title='bbox 2086 1167 2417 1250; x_wconf 80' lang='lat' dir='ltr'>Reprobat</span> <span class='ocrx_word' id='word_1_48' title='bbox 2445 1187 2521 1232; x_wconf 88' lang='lat' dir='ltr'><strong>ac</strong></span> <span class='ocrx_word' id='word_1_49' title='bbox 2557 1171 2734 1234; x_wconf 89' lang='lat' dir='ltr'><strong>dete-</strong></span> 
     </span>
     <span class='ocr_line' id='line_1_8' title="bbox 844 1261 2733 1345; baseline 0.001 -19"><span class='ocrx_word' id='word_1_50' title='bbox 844 1271 1055 1328; x_wconf 88' lang='lat' dir='ltr'><strong>statur</strong></span> <span class='ocrx_word' id='word_1_51' title='bbox 1093 1264 1303 1345; x_wconf 79' lang='lat' dir='ltr'><strong>legem</strong></span> <span class='ocrx_word' id='word_1_52' title='bbox 1348 1261 1758 1343; x_wconf 88' lang='lat' dir='ltr'><strong>aSubalpino</strong></span> <span class='ocrx_word' id='word_1_53' title='bbox 1799 1261 2132 1327; x_wconf 86' lang='lat' dir='ltr'><strong>Gubernio</strong></span> <span class='ocrx_word' id='word_1_54' title='bbox 2173 1263 2506 1340; x_wconf 82' lang='lat' dir='ltr'><strong>sancitam,</strong></span> <span class='ocrx_word' id='word_1_55' title='bbox 2547 1265 2733 1328; x_wconf 89' lang='lat' dir='ltr'><strong>cuius</strong></span> 
     </span>
     <span class='ocr_line' id='line_1_9' title="bbox 850 1355 2730 1439; baseline 0 -19"><span class='ocrx_word' id='word_1_56' title='bbox 850 1357 911 1420; x_wconf 76' lang='lat' dir='ltr'><strong>vi</strong></span> <span class='ocrx_word' id='word_1_57' title='bbox 940 1359 1135 1421; x_wconf 89' lang='lat' dir='ltr'><strong>etiam</strong></span> <span class='ocrx_word' id='word_1_58' title='bbox 1178 1355 1415 1422; x_wconf 85' lang='lat' dir='ltr'><strong>Clerici</strong></span> <span class='ocrx_word' id='word_1_59' title='bbox 1458 1357 1721 1419; x_wconf 88' lang='lat' dir='ltr'><strong>militari</strong></span> <span class='ocrx_word' id='word_1_60' title='bbox 1765 1357 2218 1439; x_wconf 90' lang='lat' dir='ltr'><strong>conquisitioni</strong></span> <span class='ocrx_word' id='word_1_61' title='bbox 2257 1357 2730 1420; x_wconf 85' lang='lat' dir='ltr'><strong>subiiciuntur=</strong></span> 
     </span>
     <span class='ocr_line' id='line_1_10' title="bbox 846 1451 2730 1532; baseline -0.001 -18"><span class='ocrx_word' id='word_1_62' title='bbox 846 1451 1235 1532; x_wconf 78' lang='lat' dir='ltr'><strong>gravissimis</strong></span> <span class='ocrx_word' id='word_1_63' title='bbox 1276 1459 1523 1514; x_wconf 88' lang='lat' dir='ltr'><strong>moeret</strong></span> <span class='ocrx_word' id='word_1_64' title='bbox 1564 1451 1776 1529; x_wconf 88' lang='lat' dir='ltr'><strong>malis,</strong></span> <span class='ocrx_word' id='word_1_65' title='bbox 1809 1452 2043 1530; x_wconf 83' lang='lat' dir='ltr'><strong>quibus</strong></span> <span class='ocrx_word' id='word_1_66' title='bbox 2073 1451 2468 1514; x_wconf 89' lang='lat' dir='ltr'><strong>sanctissima</strong></span> <span class='ocrx_word' id='word_1_67' title='bbox 2509 1457 2730 1521; x_wconf 83' lang='lat' dir='ltr'><strong>nostra</strong></span> 
     </span>
     <span class='ocr_line' id='line_1_11' title="bbox 846 1541 2736 1626; baseline 0.001 -19"><span class='ocrx_word' id='word_1_68' title='bbox 846 1545 1078 1626; x_wconf 81' lang='lat' dir='ltr'><strong>religio</strong></span> <span class='ocrx_word' id='word_1_69' title='bbox 1119 1541 1489 1622; x_wconf 86' lang='lat' dir='ltr'><strong>afflictatur,</strong></span> <span class='ocrx_word' id='word_1_70' title='bbox 1524 1549 1662 1607; x_wconf 90' lang='lat' dir='ltr'><strong>tum</strong></span> <span class='ocrx_word' id='word_1_71' title='bbox 1691 1545 1758 1607; x_wconf 91' lang='lat' dir='ltr'><strong>in</strong></span> <span class='ocrx_word' id='word_1_72' title='bbox 1791 1543 2096 1608; x_wconf 89' lang='lat' dir='ltr'><strong>Austriae</strong></span> <span class='ocrx_word' id='word_1_73' title='bbox 2129 1541 2406 1624; x_wconf 90' lang='lat' dir='ltr'><strong>lmperio</strong></span> <span class='ocrx_word' id='word_1_74' title='bbox 2449 1553 2515 1607; x_wconf 90' lang='lat' dir='ltr'><strong>et</strong></span> <span class='ocrx_word' id='word_1_75' title='bbox 2553 1543 2736 1608; x_wconf 86' lang='lat' dir='ltr'><strong>Hun-</strong></span> 
     </span>
     <span class='ocr_line' id='line_1_12' title="bbox 848 1635 2736 1720; baseline 0.002 -21"><span class='ocrx_word' id='word_1_76' title='bbox 848 1638 1066 1720; x_wconf 76' lang='lat' dir='ltr'><strong>gariae</strong></span> <span class='ocrx_word' id='word_1_77' title='bbox 1088 1636 1343 1719; x_wconf 79' lang='lat' dir='ltr'><strong>Regno,</strong></span> <span class='ocrx_word' id='word_1_78' title='bbox 1378 1642 1515 1700; x_wconf 89' lang='lat' dir='ltr'><strong>tum</strong></span> <span class='ocrx_word' id='word_1_79' title='bbox 1542 1638 1605 1699; x_wconf 93' lang='lat' dir='ltr'><strong>in</strong></span> <span class='ocrx_word' id='word_1_80' title='bbox 1632 1635 1857 1719; x_wconf 79' lang='lat' dir='ltr'><strong>Regno</strong></span> <span class='ocrx_word' id='word_1_81' title='bbox 1887 1635 2366 1720; x_wconf 79' lang='lat' dir='ltr'><strong>Hispaniarum:</strong></span> <span class='ocrx_word' id='word_1_82' title='bbox 2400 1645 2736 1719; x_wconf 81' lang='lat' dir='ltr'><strong>praeterea</strong></span> 
     </span>
     <span class='ocr_line' id='line_1_13' title="bbox 848 1727 2738 1811; baseline 0 -17"><span class='ocrx_word' id='word_1_83' title='bbox 848 1731 1104 1795; x_wconf 88' lang='lat' dir='ltr'><strong>nuntiat</strong></span> <span class='ocrx_word' id='word_1_84' title='bbox 1124 1729 1379 1794; x_wconf 82' lang='lat' dir='ltr'><strong>Russici</strong></span> <span class='ocrx_word' id='word_1_85' title='bbox 1400 1727 1714 1795; x_wconf 86' lang='lat' dir='ltr'><strong>Gubernii</strong></span> <span class='ocrx_word' id='word_1_86' title='bbox 1739 1731 2116 1794; x_wconf 81' lang='lat' dir='ltr'><strong>vexationes</strong></span> <span class='ocrx_word' id='word_1_87' title='bbox 2142 1732 2516 1811; x_wconf 89' lang='lat' dir='ltr'><strong>praesertim</strong></span> <span class='ocrx_word' id='word_1_88' title='bbox 2541 1732 2603 1793; x_wconf 96' lang='lat' dir='ltr'><strong>in</strong></span> <span class='ocrx_word' id='word_1_89' title='bbox 2617 1729 2738 1797; x_wconf 86' lang='lat' dir='ltr'><strong>Ca-</strong></span> 
     </span>
     <span class='ocr_line' id='line_1_14' title="bbox 848 1824 2739 1904; baseline 0 -16"><span class='ocrx_word' id='word_1_90' title='bbox 848 1825 1123 1888; x_wconf 88' lang='lat' dir='ltr'><strong>tholicos</strong></span> <span class='ocrx_word' id='word_1_91' title='bbox 1166 1825 1525 1904; x_wconf 81' lang='lat' dir='ltr'><strong>Antistites,</strong></span> <span class='ocrx_word' id='word_1_92' title='bbox 1555 1825 1667 1904; x_wconf 88' lang='lat' dir='ltr'><strong>qui</strong></span> <span class='ocrx_word' id='word_1_93' title='bbox 1701 1843 1784 1888; x_wconf 81' lang='lat' dir='ltr'><strong>ex</strong></span> <span class='ocrx_word' id='word_1_94' title='bbox 1827 1825 1960 1888; x_wconf 89' lang='lat' dir='ltr'><strong>suis</strong></span> <span class='ocrx_word' id='word_1_95' title='bbox 2003 1824 2404 1888; x_wconf 84' lang='lat' dir='ltr'><strong>dioecesibus</strong></span> <span class='ocrx_word' id='word_1_96' title='bbox 2443 1826 2632 1888; x_wconf 88' lang='lat' dir='ltr'><strong>eiecti</strong></span> <span class='ocrx_word' id='word_1_97' title='bbox 2673 1834 2739 1888; x_wconf 89' lang='lat' dir='ltr'><strong>et</strong></span> 
     </span>
     <span class='ocr_line' id='line_1_15' title="bbox 848 1917 2736 2000; baseline -0.001 -18"><span class='ocrx_word' id='word_1_98' title='bbox 848 1920 915 1982; x_wconf 89' lang='lat' dir='ltr'><strong>in</strong></span> <span class='ocrx_word' id='word_1_99' title='bbox 962 1920 1229 1984; x_wconf 83' lang='lat' dir='ltr'><strong>exilium</strong></span> <span class='ocrx_word' id='word_1_100' title='bbox 1278 1918 1449 2000; x_wconf 89' lang='lat' dir='ltr'><strong>pulsi</strong></span> <span class='ocrx_word' id='word_1_101' title='bbox 1508 1918 1613 1982; x_wconf 88' lang='lat' dir='ltr'><strong>vel</strong></span> <span class='ocrx_word' id='word_1_102' title='bbox 1677 1917 2142 2000; x_wconf 78' lang='lat' dir='ltr'><strong>prohibeantur</strong></span> <span class='ocrx_word' id='word_1_103' title='bbox 2204 1919 2548 2000; x_wconf 88' lang='lat' dir='ltr'><strong>quominus</strong></span> <span class='ocrx_word' id='word_1_104' title='bbox 2591 1937 2736 1982; x_wconf 90' lang='lat' dir='ltr'><strong>cum</strong></span> 
     </span>
     <span class='ocr_line' id='line_1_16' title="bbox 850 2011 2738 2095; baseline -0.001 -19"><span class='ocrx_word' id='word_1_105' title='bbox 850 2013 1224 2095; x_wconf 82' lang='lat' dir='ltr'><strong>Apostolica</strong></span> <span class='ocrx_word' id='word_1_106' title='bbox 1270 2011 1431 2076; x_wconf 86' lang='lat' dir='ltr'><strong>Sede</strong></span> <span class='ocrx_word' id='word_1_107' title='bbox 1473 2011 1678 2074; x_wconf 88' lang='lat' dir='ltr'><strong>libere</strong></span> <span class='ocrx_word' id='word_1_108' title='bbox 1722 2011 2198 2074; x_wconf 89' lang='lat' dir='ltr'><strong>communicare</strong></span> <span class='ocrx_word' id='word_1_109' title='bbox 2245 2019 2486 2092; x_wconf 81' lang='lat' dir='ltr'><strong>queant</strong></span> <span class='ocrx_word' id='word_1_110' title='bbox 2515 2032 2533 2073; x_wconf 69' lang='grc' dir='ltr'><em>τ</em></span> <span class='ocrx_word' id='word_1_111' title='bbox 2566 2030 2738 2076; x_wconf 89' lang='lat' dir='ltr'><strong>com-</strong></span> 
     </span>
     <span class='ocr_line' id='line_1_17' title="bbox 849 2103 2738 2187; baseline 0 -17"><span class='ocrx_word' id='word_1_112' title='bbox 849 2107 1108 2171; x_wconf 86' lang='lat' dir='ltr'><strong>mendat</strong></span> <span class='ocrx_word' id='word_1_113' title='bbox 1134 2107 1411 2187; x_wconf 90' lang='lat' dir='ltr'><strong>denique</strong></span> <span class='ocrx_word' id='word_1_114' title='bbox 1444 2103 1914 2187; x_wconf 71' lang='lat' dir='ltr'><strong>Epis-:oporam</strong></span> <span class='ocrx_word' id='word_1_115' title='bbox 1941 2107 2391 2183; x_wconf 76' lang='lat' dir='ltr'><strong>constantiam,</strong></span> <span class='ocrx_word' id='word_1_116' title='bbox 2421 2108 2531 2186; x_wconf 90' lang='lat' dir='ltr'><strong>qui</strong></span> <span class='ocrx_word' id='word_1_117' title='bbox 2553 2107 2738 2170; x_wconf 86' lang='lat' dir='ltr'><strong>nullo</strong></span> 
     </span>
     <span class='ocr_line' id='line_1_18' title="bbox 849 2198 2742 2282; baseline -0.003 -18"><span class='ocrx_word' id='word_1_118' title='bbox 849 2201 1037 2264; x_wconf 85' lang='lat' dir='ltr'><strong>t&#39;racti</strong></span> <span class='ocrx_word' id='word_1_119' title='bbox 1080 2201 1375 2282; x_wconf 87' lang='lat' dir='ltr'><strong>periculo</strong></span> <span class='ocrx_word' id='word_1_120' title='bbox 1421 2217 1558 2262; x_wconf 89' lang='lat' dir='ltr'><strong>rem</strong></span> <span class='ocrx_word' id='word_1_121' title='bbox 1600 2198 1986 2262; x_wconf 84' lang='lat' dir='ltr'><strong>catholicam</strong></span> <span class='ocrx_word' id='word_1_122' title='bbox 2030 2203 2292 2262; x_wconf 89' lang='lat' dir='ltr'><strong>strenue</strong></span> <span class='ocrx_word' id='word_1_123' title='bbox 2337 2205 2622 2264; x_wconf 87' lang='lat' dir='ltr'><strong>tuentur.</strong></span> <span class='ocrx_word' id='word_1_124' title='bbox 2708 2221 2742 2258; x_wconf 81' lang='grc'>»</span> 
     </span>
    </p>
   </div>
   <div class='ocr_carea' id='block_1_4' title="bbox 762 2383 2744 2845">
    <p class='ocr_par' dir='ltr' id='par_1_4' title="bbox 762 2383 2744 2845">
     <span class='ocr_line' id='line_1_19' title="bbox 768 2383 2738 2472; baseline 0.001 -19"><span class='ocrx_word' id='word_1_125' title='bbox 768 2387 1055 2454; x_wconf 83' lang='lat' dir='ltr'><strong>Litterae</strong></span> <span class='ocrx_word' id='word_1_126' title='bbox 1097 2385 1513 2472; x_wconf 75' lang='lat' dir='ltr'><strong>Apostolicae</strong></span> <span class='ocrx_word' id='word_1_127' title='bbox 1550 2387 1672 2452; x_wconf 83' lang='lat' dir='ltr'><strong>sub</strong></span> <span class='ocrx_word' id='word_1_128' title='bbox 1715 2385 1958 2454; x_wconf 73' lang='lat' dir='ltr'><strong>annulo</strong></span> <span class='ocrx_word' id='word_1_129' title='bbox 1988 2383 2340 2454; x_wconf 70' lang='lat' dir='ltr'><strong>Piscator-is</strong></span> <span class='ocrx_word' id='word_1_130' title='bbox 2363 2420 2391 2434; x_wconf 91' lang='lat'><strong>·</strong></span> <span class='ocrx_word' id='word_1_131' title='bbox 2424 2386 2738 2455; x_wconf 73' lang='lat' dir='ltr'><strong>Ecclesiae</strong></span> 
     </span>
     <span class='ocr_line' id='line_1_20' title="bbox 850 2478 2739 2564; baseline -0.001 -19"><span class='ocrx_word' id='word_1_132' title='bbox 850 2481 1181 2550; x_wconf 71' lang='lat' dir='ltr'><strong>universae</strong></span> <span class='ocrx_word' id='word_1_133' title='bbox 1206 2513 1236 2530; x_wconf 83' lang='lat'><strong>·</strong></span> <span class='ocrx_word' id='word_1_134' title='bbox 1276 2479 1379 2546; x_wconf 88' lang='lat' dir='ltr'><strong>die</strong></span> <span class='ocrx_word' id='word_1_135' title='bbox 1420 2478 1498 2546; x_wconf 88' lang='grc'><strong>17</strong></span> <span class='ocrx_word' id='word_1_136' title='bbox 1538 2481 1800 2561; x_wconf 81' lang='lat' dir='ltr'><strong>augusti</strong></span> <span class='ocrx_word' id='word_1_137' title='bbox 1819 2499 1840 2560; x_wconf 80' lang='lat'>3</span> <span class='ocrx_word' id='word_1_138' title='bbox 1883 2480 2120 2564; x_wconf 84' lang='lat' dir='ltr'><strong>quibus</strong></span> <span class='ocrx_word' id='word_1_139' title='bbox 2159 2482 2469 2548; x_wconf 76' lang='lat' dir='ltr'><strong>statuitur</strong></span> <span class='ocrx_word' id='word_1_140' title='bbox 2508 2481 2739 2548; x_wconf 85' lang='lat' dir='ltr'><strong>divisio</strong></span> 
     </span>
     <span class='ocr_line' id='line_1_21' title="bbox 762 2571 2736 2657; baseline 0.001 -16"><span class='ocrx_word' id='word_1_141' title='bbox 762 2623 767 2630; x_wconf 86' lang='lat'>.</span> <span class='ocrx_word' id='word_1_142' title='bbox 850 2574 1237 2645; x_wconf 66' lang='lat' dir='ltr'><strong>missionum</strong></span> <span class='ocrx_word' id='word_1_143' title='bbox 1278 2571 1543 2643; x_wconf 75' lang='lat' dir='ltr'><strong>sveciae</strong></span> <span class='ocrx_word' id='word_1_144' title='bbox 1572 2575 1976 2656; x_wconf 80' lang='lat' dir='ltr'><strong>potissimum</strong></span> <span class='ocrx_word' id='word_1_145' title='bbox 2003 2581 2072 2643; x_wconf 73' lang='lat' dir='ltr'><strong>et</strong></span> <span class='ocrx_word' id='word_1_146' title='bbox 2107 2572 2496 2657; x_wconf 74' lang='lat' dir='ltr'><strong>Norvegiac,</strong></span> <span class='ocrx_word' id='word_1_147' title='bbox 2525 2583 2593 2641; x_wconf 84' lang='lat' dir='ltr'><strong>et</strong></span> <span class='ocrx_word' id='word_1_148' title='bbox 2618 2575 2736 2643; x_wconf 82' lang='lat' dir='ltr'><strong>du-</strong></span> 
     </span>
     <span class='ocr_line' id='line_1_22' title="bbox 853 2664 2742 2753; baseline -0.001 -14"><span class='ocrx_word' id='word_1_149' title='bbox 853 2672 1009 2753; x_wconf 79' lang='lat' dir='ltr'><strong>plex</strong></span> <span class='ocrx_word' id='word_1_150' title='bbox 1050 2669 1427 2753; x_wconf 76' lang='lat' dir='ltr'><strong>Apostolice</strong></span> <span class='ocrx_word' id='word_1_151' title='bbox 1472 2668 1896 2738; x_wconf 82' lang='lat' dir='ltr'><strong>Praefectura</strong></span> <span class='ocrx_word' id='word_1_152' title='bbox 1939 2670 2004 2737; x_wconf 84' lang='lat' dir='ltr'><strong>iu</strong></span> <span class='ocrx_word' id='word_1_153' title='bbox 2046 2664 2406 2738; x_wconf 68' lang='lat' dir='ltr'><strong>fluentibus</strong></span> <span class='ocrx_word' id='word_1_154' title='bbox 2448 2667 2742 2739; x_wconf 79' lang='lat' dir='ltr'><strong>Holsteiu</strong></span> 
     </span>
     <span class='ocr_line' id='line_1_23' title="bbox 852 2760 2744 2845; baseline -0.002 -16"><span class='ocrx_word' id='word_1_155' title='bbox 852 2770 919 2829; x_wconf 89' lang='lat' dir='ltr'><strong>et</strong></span> <span class='ocrx_word' id='word_1_156' title='bbox 958 2761 1313 2845; x_wconf 80' lang='lat' dir='ltr'><strong>Schleswig</strong></span> <span class='ocrx_word' id='word_1_157' title='bbox 1362 2768 1427 2829; x_wconf 90' lang='lat' dir='ltr'><strong>et</strong></span> <span class='ocrx_word' id='word_1_158' title='bbox 1468 2763 1531 2827; x_wconf 91' lang='lat' dir='ltr'><strong>in</strong></span> <span class='ocrx_word' id='word_1_159' title='bbox 1572 2761 1799 2845; x_wconf 78' lang='lat' dir='ltr'><strong>Regno</strong></span> <span class='ocrx_word' id='word_1_160' title='bbox 1845 2760 2116 2826; x_wconf 82' lang='lat' dir='ltr'><strong>Daniae.</strong></span> <span class='ocrx_word' id='word_1_161' title='bbox 2155 2808 2170 2825; x_wconf 94' lang='lat'><strong>.</strong></span> <span class='ocrx_word' id='word_1_162' title='bbox 2341 2808 2358 2825; x_wconf 90' lang='lat'><strong>.</strong></span> <span class='ocrx_word' id='word_1_163' title='bbox 2525 2809 2542 2825; x_wconf 87' lang='lat'><strong>.</strong></span> <span class='ocrx_word' id='word_1_164' title='bbox 2711 2784 2744 2825; x_wconf 71' lang='lat' dir='ltr'>n</span> 
     </span>
    </p>
   </div>
   <div class='ocr_carea' id='block_1_5' title="bbox 772 2948 2750 3585">
    <p class='ocr_par' dir='ltr' id='par_1_5' title="bbox 772 2948 2750 3585">
     <span class='ocr_line' id='line_1_24' title="bbox 772 2948 2748 3036; baseline 0.002 -19"><span class='ocrx_word' id='word_1_165' title='bbox 772 2951 1067 3036; x_wconf 80' lang='lat' dir='ltr'><strong>Epistola</strong></span> <span class='ocrx_word' id='word_1_166' title='bbox 1108 2952 1431 3021; x_wconf 76' lang='lat' dir='ltr'><strong>hortativa</strong></span> <span class='ocrx_word' id='word_1_167' title='bbox 1468 2982 1501 3001; x_wconf 92' lang='lat'><strong>·-</strong></span> <span class='ocrx_word' id='word_1_168' title='bbox 1528 2950 1962 3017; x_wconf 73' lang='lat' dir='ltr'><strong>Libentissime</strong></span> <span class='ocrx_word' id='word_1_169' title='bbox 2007 2960 2170 3019; x_wconf 69' lang='lat' dir='ltr'><strong>cort«</strong></span> <span class='ocrx_word' id='word_1_170' title='bbox 2211 2950 2424 3019; x_wconf 74' lang='lat' dir='ltr'><strong>animo</strong></span> <span class='ocrx_word' id='word_1_171' title='bbox 2454 2985 2482 3001; x_wconf 91' lang='lat'>-</span> <span class='ocrx_word' id='word_1_172' title='bbox 2522 2951 2623 3018; x_wconf 90' lang='lat' dir='ltr'><strong>die</strong></span> <span class='ocrx_word' id='word_1_173' title='bbox 2663 2948 2748 3021; x_wconf 81' lang='lat'><strong>30</strong></span> 
     </span>
     <span class='ocr_line' id='line_1_25' title="bbox 859 3042 2750 3130; baseline 0.002 -19"><span class='ocrx_word' id='word_1_174' title='bbox 859 3047 1122 3130; x_wconf 68' lang='lat' dir='ltr'><strong>augusti</strong></span> <span class='ocrx_word' id='word_1_175' title='bbox 1160 3046 1243 3113; x_wconf 80' lang='lat' dir='ltr'><strong>ad</strong></span> <span class='ocrx_word' id='word_1_176' title='bbox 1295 3044 1742 3113; x_wconf 81' lang='lat' dir='ltr'><strong>Patriarcham</strong></span> <span class='ocrx_word' id='word_1_177' title='bbox 1793 3044 2059 3115; x_wconf 84' lang='lat' dir='ltr'><strong>Ciliciae</strong></span> <span class='ocrx_word' id='word_1_178' title='bbox 2120 3042 2312 3111; x_wconf 80' lang='lat' dir='ltr'><strong>Ritus</strong></span> <span class='ocrx_word' id='word_1_179' title='bbox 2351 3045 2642 3114; x_wconf 82' lang='lat' dir='ltr'><strong>Armenii</strong></span> <span class='ocrx_word' id='word_1_180' title='bbox 2681 3053 2750 3115; x_wconf 86' lang='lat' dir='ltr'><strong>et</strong></span> 
     </span>
     <span class='ocr_line' id='line_1_26' title="bbox 856 3136 2746 3223; baseline -0.002 -16"><span class='ocrx_word' id='word_1_181' title='bbox 856 3141 1399 3223; x_wconf 81' lang='lat' dir='ltr'><strong>Archiepiscopos</strong></span> <span class='ocrx_word' id='word_1_182' title='bbox 1440 3156 1517 3205; x_wconf 86' lang='lat' dir='ltr'><strong>ac</strong></span> <span class='ocrx_word' id='word_1_183' title='bbox 1560 3136 1918 3221; x_wconf 77' lang='lat' dir='ltr'><strong>Episcopus</strong></span> <span class='ocrx_word' id='word_1_184' title='bbox 1959 3138 2248 3207; x_wconf 76' lang='lat' dir='ltr'><strong>ciusdem</strong></span> <span class='ocrx_word' id='word_1_185' title='bbox 2289 3136 2478 3205; x_wconf 82' lang='lat' dir='ltr'><strong>Ritus</strong></span> <span class='ocrx_word' id='word_1_186' title='bbox 2519 3140 2582 3205; x_wconf 84' lang='lat' dir='ltr'><strong>in</strong></span> <span class='ocrx_word' id='word_1_187' title='bbox 2623 3138 2746 3203; x_wconf 74' lang='lat' dir='ltr'><strong>Pa—</strong></span> 
     </span>
     <span class='ocr_line' id='line_1_27' title="bbox 856 3232 2748 3317; baseline -0.003 -17"><span class='ocrx_word' id='word_1_188' title='bbox 856 3236 1190 3303; x_wconf 77' lang='lat' dir='ltr'><strong>triarchali</strong></span> <span class='ocrx_word' id='word_1_189' title='bbox 1233 3233 1489 3317; x_wconf 71' lang='lat' dir='ltr'><strong>syuodo</strong></span> <span class='ocrx_word' id='word_1_190' title='bbox 1518 3239 1976 3315; x_wconf 76' lang='lat' dir='ltr'><strong>congregatos,</strong></span> <span class='ocrx_word' id='word_1_191' title='bbox 2006 3240 2081 3297; x_wconf 91' lang='lat' dir='ltr'><strong>ut</strong></span> <span class='ocrx_word' id='word_1_192' title='bbox 2108 3232 2390 3315; x_wconf 79' lang='lat' dir='ltr'><strong>providis</strong></span> <span class='ocrx_word' id='word_1_193' title='bbox 2419 3232 2748 3315; x_wconf 80' lang='lat' dir='ltr'><strong>Apostoli-</strong></span> 
     </span>
     <span class='ocr_line' id='line_1_28' title="bbox 856 3326 2742 3408; baseline 0 -15"><span class='ocrx_word' id='word_1_194' title='bbox 856 3347 971 3393; x_wconf 89' lang='lat' dir='ltr'><strong>cae</strong></span> <span class='ocrx_word' id='word_1_195' title='bbox 1014 3326 1193 3397; x_wconf 84' lang='lat' dir='ltr'><strong>Sedis</strong></span> <span class='ocrx_word' id='word_1_196' title='bbox 1220 3328 1479 3395; x_wconf 80' lang='lat' dir='ltr'><strong>monitis</strong></span> <span class='ocrx_word' id='word_1_197' title='bbox 1508 3328 1914 3393; x_wconf 75' lang='lat' dir='ltr'><strong>inhaerentes</strong></span> <span class='ocrx_word' id='word_1_198' title='bbox 1953 3326 2432 3395; x_wconf 80' lang='lat' dir='ltr'><strong>ecclesiasticae</strong></span> <span class='ocrx_word' id='word_1_199' title='bbox 2459 3326 2742 3408; x_wconf 85' lang='lat' dir='ltr'><strong>discipli·</strong></span> 
     </span>
     <span class='ocr_line' id='line_1_29' title="bbox 856 3421 2737 3503; baseline -0.002 -16"><span class='ocrx_word' id='word_1_200' title='bbox 856 3442 977 3487; x_wconf 87' lang='lat' dir='ltr'><strong>nae</strong></span> <span class='ocrx_word' id='word_1_201' title='bbox 1018 3440 1376 3503; x_wconf 87' lang='lat' dir='ltr'><strong>eorumque</strong></span> <span class='ocrx_word' id='word_1_202' title='bbox 1439 3423 1650 3502; x_wconf 78' lang='lat' dir='ltr'><strong>gregis</strong></span> <span class='ocrx_word' id='word_1_203' title='bbox 1703 3421 2048 3484; x_wconf 89' lang='lat' dir='ltr'><strong>utilitatem</strong></span> <span class='ocrx_word' id='word_1_204' title='bbox 2092 3438 2249 3501; x_wconf 91' lang='lat' dir='ltr'><strong>prae</strong></span> <span class='ocrx_word' id='word_1_205' title='bbox 2291 3421 2500 3483; x_wconf 91' lang='lat' dir='ltr'><strong>oculis</strong></span> <span class='ocrx_word' id='word_1_206' title='bbox 2549 3422 2737 3484; x_wconf 89' lang='lat' dir='ltr'><strong>unice</strong></span> 
     </span>
     <span class='ocr_line' id='line_1_30' title="bbox 859 3516 2746 3585; baseline -0.003 -4"><span class='ocrx_word' id='word_1_207' title='bbox 859 3516 1163 3585; x_wconf 57' lang='lat' dir='ltr'><strong>habeant·</strong></span> <span class='ocrx_word' id='word_1_208' title='bbox 1226 3561 1243 3577; x_wconf 78' lang='grc' dir='ltr'><strong>ο</strong></span> <span class='ocrx_word' id='word_1_209' title='bbox 1412 3558 1431 3577; x_wconf 77' lang='lat'>0</span> <span class='ocrx_word' id='word_1_210' title='bbox 1598 3558 1617 3575; x_wconf 74' lang='grc' dir='ltr'><strong>ο</strong></span> <span class='ocrx_word' id='word_1_211' title='bbox 1787 3558 1802 3573; x_wconf 78' lang='lat'>0</span> <span class='ocrx_word' id='word_1_212' title='bbox 1973 3556 1990 3573; x_wconf 75' lang='grc' dir='ltr'><strong>ο</strong></span> <span class='ocrx_word' id='word_1_213' title='bbox 2157 3558 2174 3575; x_wconf 72' lang='grc' dir='ltr'><strong><em>ο</em></strong></span> <span class='ocrx_word' id='word_1_214' title='bbox 2345 3560 2360 3577; x_wconf 76' lang='lat'>0</span> <span class='ocrx_word' id='word_1_215' title='bbox 2530 3559 2545 3574; x_wconf 73' lang='grc' dir='ltr'><strong><em>ο</em></strong></span> <span class='ocrx_word' id='word_1_216' title='bbox 2713 3534 2746 3575; x_wconf 64' lang='lat' dir='ltr'><strong>&gt;l</strong></span> 
     </span>
    </p>
   </div>
   <div class='ocr_carea' id='block_1_6' title="bbox 776 3700 2754 4055">
    <p class='ocr_par' dir='ltr' id='par_1_6' title="bbox 776 3700 2754 4055">
     <span class='ocr_line' id='line_1_31' title="bbox 776 3700 2754 3786; baseline -0.002 -16"><span class='ocrx_word' id='word_1_217' title='bbox 776 3704 1063 3773; x_wconf 78' lang='lat' dir='ltr'><strong>Litterae</strong></span> <span class='ocrx_word' id='word_1_218' title='bbox 1104 3703 1523 3786; x_wconf 72' lang='lat' dir='ltr'><strong>Apostolicae</strong></span> <span class='ocrx_word' id='word_1_219' title='bbox 1560 3704 1684 3769; x_wconf 84' lang='lat' dir='ltr'><strong>sub</strong></span> <span class='ocrx_word' id='word_1_220' title='bbox 1729 3701 1994 3782; x_wconf 86' lang='lat' dir='ltr'><strong>plumbo</strong></span> <span class='ocrx_word' id='word_1_221' title='bbox 2036 3736 2065 3747; x_wconf 91' lang='lat'><strong>·</strong></span> <span class='ocrx_word' id='word_1_222' title='bbox 2101 3700 2262 3769; x_wconf 73' lang='lat' dir='ltr'><strong>Cum</strong></span> <span class='ocrx_word' id='word_1_223' title='bbox 2301 3700 2754 3771; x_wconf 67' lang='lat' dir='ltr'><strong>Ecclesiastico</strong></span> 
     </span>
     <span class='ocr_line' id='line_1_32' title="bbox 861 3796 2754 3881; baseline 0.001 -20"><span class='ocrx_word' id='word_1_224' title='bbox 861 3797 1207 3881; x_wconf 68' lang='lat' dir='ltr'><strong>disciplina</strong></span> <span class='ocrx_word' id='word_1_225' title='bbox 1232 3832 1263 3849; x_wconf 51' lang='grc' dir='ltr'>ν</span> <span class='ocrx_word' id='word_1_226' title='bbox 1292 3797 1497 3879; x_wconf 84' lang='lat' dir='ltr'><strong>pridie</strong></span> <span class='ocrx_word' id='word_1_227' title='bbox 1524 3796 1836 3863; x_wconf 77' lang='lat' dir='ltr'><strong>kalendas</strong></span> <span class='ocrx_word' id='word_1_228' title='bbox 1861 3796 2238 3876; x_wconf 81' lang='lat' dir='ltr'><strong>septembris</strong></span> <span class='ocrx_word' id='word_1_229' title='bbox 2265 3814 2288 3874; x_wconf 76' lang='lat'>3</span> <span class='ocrx_word' id='word_1_230' title='bbox 2315 3796 2552 3876; x_wconf 78' lang='lat' dir='ltr'><strong>quibus</strong></span> <span class='ocrx_word' id='word_1_231' title='bbox 2593 3814 2754 3863; x_wconf 81' lang='lat' dir='ltr'><strong>uon-</strong></span> 
     </span>
     <span class='ocr_line' id='line_1_33' title="bbox 861 3888 2750 3975; baseline -0.002 -20"><span class='ocrx_word' id='word_1_232' title='bbox 861 3892 1047 3957; x_wconf 86' lang='lat' dir='ltr'><strong>nulla</strong></span> <span class='ocrx_word' id='word_1_233' title='bbox 1074 3892 1607 3975; x_wconf 84' lang='lat' dir='ltr'><strong>praescribuntur</strong></span> <span class='ocrx_word' id='word_1_234' title='bbox 1626 3908 1748 3972; x_wconf 90' lang='lat' dir='ltr'><strong>pro</strong></span> <span class='ocrx_word' id='word_1_235' title='bbox 1771 3890 2053 3953; x_wconf 88' lang='lat' dir='ltr'><strong>utilitate</strong></span> <span class='ocrx_word' id='word_1_236' title='bbox 2084 3888 2526 3953; x_wconf 88' lang='lat' dir='ltr'><strong>Babilonensis</strong></span> <span class='ocrx_word' id='word_1_237' title='bbox 2555 3888 2750 3955; x_wconf 80' lang='lat' dir='ltr'><strong>Chal-</strong></span> 
     </span>
     <span class='ocr_line' id='line_1_34' title="bbox 861 3983 2754 4055; baseline -0.003 -4"><span class='ocrx_word' id='word_1_238' title='bbox 861 3988 1175 4055; x_wconf 73' lang='lat' dir='ltr'><strong>daeorum</strong></span> <span class='ocrx_word' id='word_1_239' title='bbox 1213 3983 1725 4054; x_wconf 74' lang='lat' dir='ltr'><strong>Patriarchatus.</strong></span> <span class='ocrx_word' id='word_1_240' title='bbox 1791 4028 1810 4045; x_wconf 89' lang='lat'><strong>.</strong></span> <span class='ocrx_word' id='word_1_241' title='bbox 1977 4028 1994 4045; x_wconf 91' lang='lat'><strong>.</strong></span> <span class='ocrx_word' id='word_1_242' title='bbox 2164 4027 2179 4043; x_wconf 90' lang='lat'><strong>.</strong></span> <span class='ocrx_word' id='word_1_243' title='bbox 2309 4022 2316 4027; x_wconf 85' lang='lat'>-</span> <span class='ocrx_word' id='word_1_244' title='bbox 2351 4029 2364 4044; x_wconf 90' lang='lat'><strong>.</strong></span> <span class='ocrx_word' id='word_1_245' title='bbox 2535 4028 2549 4047; x_wconf 92' lang='lat'><strong>.</strong></span> <span class='ocrx_word' id='word_1_246' title='bbox 2717 4005 2754 4045; x_wconf 62' lang='grc' dir='ltr'><strong>,ι</strong></span> 
     </span>
    </p>
   </div>
   <div class='ocr_carea' id='block_1_7' title="bbox 782 4169 2755 4449">
    <p class='ocr_par' dir='ltr' id='par_1_7' title="bbox 782 4169 2755 4449">
     <span class='ocr_line' id='line_1_35' title="bbox 782 4169 2750 4257; baseline 0 -18"><span class='ocrx_word' id='word_1_247' title='bbox 782 4172 1077 4257; x_wconf 73' lang='lat' dir='ltr'><strong>Epistola</strong></span> <span class='ocrx_word' id='word_1_248' title='bbox 1120 4206 1153 4219; x_wconf 92' lang='lat'>-</span> <span class='ocrx_word' id='word_1_249' title='bbox 1184 4171 1312 4239; x_wconf 75' lang='lat' dir='ltr'><strong>Por</strong></span> <span class='ocrx_word' id='word_1_250' title='bbox 1350 4171 1763 4254; x_wconf 65' lang='lat' dir='ltr'><strong>ephemerides</strong></span> <span class='ocrx_word' id='word_1_251' title='bbox 1803 4169 2150 4253; x_wconf 72' lang='lat' dir='ltr'><strong>accepimus</strong></span> <span class='ocrx_word' id='word_1_252' title='bbox 2175 4206 2208 4223; x_wconf 88' lang='lat'><strong>··</strong></span> <span class='ocrx_word' id='word_1_253' title='bbox 2251 4170 2356 4241; x_wconf 74' lang='lat' dir='ltr'><strong>dio</strong></span> <span class='ocrx_word' id='word_1_254' title='bbox 2395 4169 2440 4237; x_wconf 72' lang='lat'>4</span> <span class='ocrx_word' id='word_1_255' title='bbox 2475 4178 2750 4253; x_wconf 80' lang='lat' dir='ltr'><strong>septem-</strong></span> 
     </span>
     <span class='ocr_line' id='line_1_36' title="bbox 866 4262 2753 4337; baseline -0.001 -3"><span class='ocrx_word' id='word_1_256' title='bbox 866 4269 1021 4335; x_wconf 72' lang='lat' dir='ltr'><strong>bris.</strong></span> <span class='ocrx_word' id='word_1_257' title='bbox 1045 4266 1173 4335; x_wconf 83' lang='lat' dir='ltr'><strong>Per</strong></span> <span class='ocrx_word' id='word_1_258' title='bbox 1194 4264 1647 4337; x_wconf 75' lang='lat' dir='ltr'><strong>venerabilem</strong></span> <span class='ocrx_word' id='word_1_259' title='bbox 1675 4262 1971 4333; x_wconf 80' lang='lat' dir='ltr'><strong>Fratrem</strong></span> <span class='ocrx_word' id='word_1_260' title='bbox 1999 4263 2354 4337; x_wconf 69' lang='lat' dir='ltr'><strong>Reatinum</strong></span> <span class='ocrx_word' id='word_1_261' title='bbox 2375 4262 2753 4336; x_wconf 70' lang='lat' dir='ltr'><strong>Edunt-dum</strong></span> 
     </span>
     <span class='ocr_line' id='line_1_37' title="bbox 866 4354 2755 4449; baseline -0.004 -19"><span class='ocrx_word' id='word_1_262' title='bbox 866 4360 1445 4449; x_wconf 78' lang='lat' dir='ltr'><strong>Archiepiscopum</strong></span> <span class='ocrx_word' id='word_1_263' title='bbox 1488 4358 2253 4431; x_wconf 79' lang='lat' dir='ltr'><strong>westmonasteriensem</strong></span> <span class='ocrx_word' id='word_1_264' title='bbox 2276 4354 2531 4431; x_wconf 79' lang='lat' dir='ltr'><strong>cuidam</strong></span> <span class='ocrx_word' id='word_1_265' title='bbox 2557 4356 2755 4432; x_wconf 79' lang='lat' dir='ltr'><strong>Cum·</strong></span> 
     </span>
    </p>
   </div>
   <div class='ocr_carea' id='block_1_8' title="bbox 2812 881 2893 952">
    <p class='ocr_par' dir='ltr' id='par_1_8' title="bbox 2812 881 2893 952">
     <span class='ocr_line' id='line_1_38' title="bbox 2812 881 2893 952; baseline 0 0"><span class='ocrx_word' id='word_1_266' title='bbox 2812 881 2893 952; x_wconf 70' lang='lat'><strong>24</strong></span> 
     </span>
    </p>
   </div>
   <div class='ocr_carea' id='block_1_9' title="bbox 2819 2195 2900 2264">
    <p class='ocr_par' dir='ltr' id='par_1_9' title="bbox 2819 2195 2900 2264">
     <span class='ocr_line' id='line_1_39' title="bbox 2819 2195 2900 2264; baseline -0.049 0"><span class='ocrx_word' id='word_1_267' title='bbox 2819 2195 2900 2264; x_wconf 79' lang='lat'><strong>27</strong></span> 
     </span>
    </p>
   </div>
  </div>
 </body>
</html>
