3292 5275
850 605 1083 679 bratio
1138 604 1515 697 praecipue
1550 600 1878 696 dirigitur
1902 608 1958 691 ς’
1989 601 2134 696 pati
2187 598 2329 677 Nos
2369 620 2512 675 non
2549 602 2808 677 debere
2849 626 2996 699 pu«

852 729 1181 810 totumue,
1220 736 1301 799 ut
1329 724 1810 797 ¹hoc‘salutari
1865 724 2238 809 beneficio,
2284 736 2567 799 servata
2603 746 2690 797 ea
2735 728 2992 811 forma,

852 864 1062 940 quam
1118 844 1515 937 temporum
1566 845 1876 917 conditio
1933 848 2135 930 sinit,
2193 847 2622 921 christianus
2677 848 2986 939 populus

849 970 987 1041 hac
1038 966 1403 1041 occasione
1446 965 1982 1050 destitueretur,
2027 978 2106 1041 ut
2141 967 2302 1038 inde
2336 968 2784 1042 confortatus
2823 970 2988 1060 spi·-

813 1126 817 1131 ·
854 1091 996 1162 r-itu
1050 1090 1127 1159 in
1180 1089 1320 1165 viis
1376 1086 1692 1159 iustitiae
1730 1088 1804 1161 in
1841 1088 1996 1160 dies
2053 1086 2346 1161 alacrior
2400 1090 2709 1175 incedat,
2749 1102 2826 1163 et
2863 1112 2998 1163 ex-

853 1210 1367 1303 piatuseulpis
1422 1208 1700 1282 facilius
1755 1219 1837 1281 ‘ae
1891 1209 2178 1283 uberius
2234 1210 2554 1283 divinam
2639 1212 2994 1304 propitia-

853 1333 1117 1403 tionem
1174 1342 1245 1401 et
1296 1332 1586 1403 veniam
1624 1344 2092 1422 zassequatur.
2150 1325 2483 1422 Excipiet
2554 1333 2770 1426 igitur
2831 1334 2998 1405 uni-

854 1473 1065 1529 versa
1118 1450 1387 1524 Christi
1444 1451 1754 1523 militans
1810 1446 2138 1525 Ecclesia·
2189 1469 2398 1526 voces
2454 1448 2776 1533 Nostros,
2831 1456 2994 1548 qui-

853 1575 987 1648 bus
1044 1572 1133 1645 ad
1168 1575 1327 1648 eius
1380 1573 1908 1655 exaltationem,
1953 1574 2040 1645 ad
2095 1574 2460 1647 christiani
2522 1576 2766 1667 >populi
2827 1596 2996 1645 san-

855 1694 1347 1769 ctificationem
1384 1706 1457 1766 et
1488 1694 1583 1765 'ad
1622 1689 1752 1765 Dei
1791 1694 2076 1783 gloriam
2115 1694 2520 1766 universale
2567 1696 2996 1769 maximum·

852 1838 987 1911 que
1042 1814 1441 1889 lubilaeum
1527 1818 1806 1909 integro
1891 1834 2072 1887 anno
2133 1806 2334 1889 1875
2392 1818 2712 1907 proxime
2803 1817 2998 1889 inse-

851 1937 1095 2033 quenti
1158 1939 1581 2011 duraturum
1665 1938 2046 2009 indicimus
2119 1940 2641 2013 annunciamus
2699 1954 2778 2011 et
2835 1964 3000 2033 pro-

850 2061 1295 2152 mulgamus:
1352 2058 1549 2132 cuius
1610 2057 1898 2135 lub‘ilaei
1955 2080 2168 2131 causa
2207 2072 2280 2130 et
2329 2060 2595 2132 intuitu
2656 2065 2996 2154 superius

850 2194 1301 2255 memoratam
1352 2181 1858 2275 indulgentiam
1913 2181 2284 2256 occasione
2343 2176 2663 2257 Vaticani
2723 2180 3000 2257 Conci-

852 2304 931 2375 lii
991 2304 1063 2374 in
1138 2303 1360 2375 forma
1437 2299 1714 2375 lubiiaei
1789 2322 2221 2384 concessam,
2297 2302 2386 2375 ad
2461 2306 2996 2397 beneplacitum

854 2419 1185 2497 Nostrum
1240 2435 1313 2495 et
1368 2423 1571 2497 huius
1650 2420 2095 2515 Apostolicae
2181 2419 2384 2495 Sedis
2467 2426 2998 2517 suspendentes

856 2566 939 2619 ac
996 2564 1411 2635 suspensam
1464 2546 1934 2630 declarantes,
1993 2545 2370 2619 caelestem
2434 2547 2629 2618 illum
2691 2548 3000 2621 thesau-

853 2689 1007 2742 rum
1060 2668 1401 2741 latissime
1456 2667 1908 2755 recludimus,
1961 2687 2165 2760 quem
2219 2688 2312 2739 ex
2373 2664 2640 2740 Christi
2701 2665 2996 2742 Domini

853 2784 1505 2883 eiusque-Virginis
1558 2785 1812 2860 Matris
1871 2790 2328 2882 omniumque
2384 2785 2811 2862 Sanctorum
2851 2812 3000 2864 me-

856 2913 1014 2984 ritis
1072 2911 1517 3005 passionibus
1588 2929 1669 2982 ac
1723 2907 2092 2982 virtutibus
2149 2922 2658 3002 comparatum,
2715 2907 3000 2986 Auctor

858 3032 1105 3106 salutis
1162 3034 1509 3106 humanae
1566 3031 2075 3123 dispensationi
2157 3026 2458 3104 Nostrae
2511 3034 2992 3104 concredidit.

1070 3150 1315 3246 ltaque
1370 3151 1498 3226 Dei
1555 3152 2041 3224 misericordia
2089 3165 2162 3224 et
2217 3149 2602 3226 Beatorum
2659 3150 2864 3228 Petri
2927 3168 3000 3230 et

856 3271 1077 3348 Paulli
1134 3273 1615 3368 Apostolorum
1673 3275 1826 3346 eius
1891 3273 2312 3349 auctoritate
2397 3273 2668 3356 confisi,
2726 3295 2818 3348 ex
2873 3300 3004 3352 su-

859 3418 1097 3493 prema
1140 3397 1401 3490 ligandi
1440 3407 1652 3491 atque
1700 3395 2045 3480 solvendi,
2087 3417 2295 3489 quam
2351 3391 2568 3470 Nobis
2607 3393 3000 3482 Dominus,

860 3521 1026 3591 lieet
1080 3517 1483 3598 immeritis,
1538 3517 1839 3589 contulit
1895 3527 2274 3608 potestate,
2319 3519 2652 3592 omnibus
2708 3531 2783 3591 et
2843 3522 3002 3592 sin-

860 3639 1043 3730 gulis
1096 3633 1719 3723 christifidelibus,
1763 3648 1909 3710 tum
1963 3634 2026 3708 in
2069 3637 2250 3710 alma
2305 3633 2498 3710 Urbe
2551 3635 2814 3714 Nostra
2867 3643 3004 3716 de—

860 3759 1211 3854 gentibus,
1252 3758 1365 3834 vcl
1421 3758 1505 3830 ad
1564 3779 1718 3832 eam
1775 3759 2356 3838 advenientibus,
2399 3771 2548 3832 tum
2604 3775 2802 3836 extra
2859 3759 3002 3834 Ur-

858 3883 1023 3954 bem
1078 3879 1505 3978 praedictam
1541 3880 2089 3973 in·quacumque
2125 3881 2370 3954 mundi
2427 3893 2626 3972 parte
2679 3885 3005 3956 existen-

853 4001 1079 4090 tibus,
1136 4012 1210 4075 et
1266 4001 1339 4074 in
1402 3996 1850 4094 Apostolicae
1927 3995 2130 4074 Sedis
2184 4002 2409 4094 gratia
2461 4013 2533 4075 et
2591 4002 3004 4077 obedientia

850 4122 1337 4205 manentibus,
1394 4143 1563 4198 vere
1619 4121 2144 4214 poenitentibus
2183 4133 2256 4194 et
2293 4124 2634 4197 confessis
2672 4135 2744 4194 et
2799 4145 3005 4198 saera

860 4238 1365 4316 Communione
1428 4241 1732 4328 refectiS‚
1799 4261 2095 4335 quorum
2155 4243 2361 4336 primi
2443 4239 2590 4314 BB.
2659 4239 2862 4316 Petri
2927 4259 3002 4318 et

860 4357 1062 4438 Pauli
1120 4385 1249 4438 nec
1286 4382 1420 4440 non
1482 4361 1553 4438 S.
1596 4361 1880 4438 loannis
1945 4359 2441 4440 Lateranensis
2487 4375 2562 4436 et
2615 4359 2690 4436 S.
2733 4361 3002 4440 Mariae
