<?xml version="1.0" encoding="UTF-8"?>
<!DOCTYPE html PUBLIC "-//W3C//DTD XHTML 1.0 Transitional//EN"
    "http://www.w3.org/TR/xhtml1/DTD/xhtml1-transitional.dtd">
<html xmlns="http://www.w3.org/1999/xhtml" xml:lang="en" lang="en">
 <head>
  <title>
</title>
<meta http-equiv="Content-Type" content="text/html;charset=utf-8" />
  <meta name='ocr-system' content='tesseract 3.04.00' />
  <meta name='ocr-capabilities' content='ocr_page ocr_carea ocr_par ocr_line ocrx_word'/>
</head>
<body>
  <div class='ocr_page' id='page_1' title='image "./piiixpontificis01ixgoog_0324.png"; bbox 0 0 3292 5275; ppageno 0'>
   <div class='ocr_carea' id='block_1_1' title="bbox 830 487 991 570">
    <p class='ocr_par' dir='ltr' id='par_1_1' title="bbox 830 487 991 570">
     <span class='ocr_line' id='line_1_1' title="bbox 830 487 991 570; baseline -0.012 0"><span class='ocrx_word' id='word_1_1' title='bbox 830 487 991 570; x_wconf 74' lang='lat'><strong>328</strong></span> 
     </span>
    </p>
   </div>
   <div class='ocr_carea' id='block_1_2' title="bbox 829 629 2976 4472">
    <p class='ocr_par' dir='ltr' id='par_1_2' title="bbox 829 629 2976 4472">
     <span class='ocr_line' id='line_1_2' title="bbox 829 629 2946 726; baseline 0.002 -22"><span class='ocrx_word' id='word_1_2' title='bbox 829 633 1251 706; x_wconf 69' lang='lat' dir='ltr'><strong>intentissimo</strong></span> <span class='ocrx_word' id='word_1_3' title='bbox 1291 629 1432 706; x_wconf 84' lang='lat' dir='ltr'><strong>Nos</strong></span> <span class='ocrx_word' id='word_1_4' title='bbox 1470 647 1905 726; x_wconf 73' lang='lat' dir='ltr'><strong>protegente,</strong></span> <span class='ocrx_word' id='word_1_5' title='bbox 1951 635 2346 709; x_wconf 85' lang='lat' dir='ltr'><strong>natalitium</strong></span> <span class='ocrx_word' id='word_1_6' title='bbox 2402 638 2602 709; x_wconf 88' lang='lat' dir='ltr'><strong>illum</strong></span> <span class='ocrx_word' id='word_1_7' title='bbox 2649 633 2946 708; x_wconf 84' lang='lat' dir='ltr'><strong>Nostrae</strong></span> 
     </span>
     <span class='ocr_line' id='line_1_3' title="bbox 830 753 2946 850; baseline 0 -24"><span class='ocrx_word' id='word_1_8' title='bbox 830 753 1295 847; x_wconf 81' lang='lat' dir='ltr'><strong>provectionis</strong></span> <span class='ocrx_word' id='word_1_9' title='bbox 1352 755 1530 826; x_wconf 86' lang='lat' dir='ltr'><strong>diem</strong></span> <span class='ocrx_word' id='word_1_10' title='bbox 1586 756 1720 826; x_wconf 83' lang='lat' dir='ltr'><strong>iam</strong></span> <span class='ocrx_word' id='word_1_11' title='bbox 1759 755 2002 827; x_wconf 84' lang='lat' dir='ltr'><strong>adesse</strong></span> <span class='ocrx_word' id='word_1_12' title='bbox 2045 755 2398 838; x_wconf 62' lang='lat' dir='ltr'><strong>videmus„</strong></span> <span class='ocrx_word' id='word_1_13' title='bbox 2441 757 2513 826; x_wconf 86' lang='lat' dir='ltr'><strong>iu</strong></span> <span class='ocrx_word' id='word_1_14' title='bbox 2559 779 2700 850; x_wconf 90' lang='lat' dir='ltr'><strong>quo</strong></span> <span class='ocrx_word' id='word_1_15' title='bbox 2731 758 2946 830; x_wconf 86' lang='lat' dir='ltr'><strong>sicuti</strong></span> 
     </span>
     <span class='ocr_line' id='line_1_4' title="bbox 830 869 2952 960; baseline 0.001 -12"><span class='ocrx_word' id='word_1_16' title='bbox 830 876 905 947; x_wconf 84' lang='lat' dir='ltr'><strong>in</strong></span> <span class='ocrx_word' id='word_1_17' title='bbox 960 869 1163 948; x_wconf 77' lang='lat' dir='ltr'><strong>Beati</strong></span> <span class='ocrx_word' id='word_1_18' title='bbox 1218 871 1411 946; x_wconf 86' lang='lat' dir='ltr'><strong>Petri</strong></span> <span class='ocrx_word' id='word_1_19' title='bbox 1466 872 1645 948; x_wconf 88' lang='lat' dir='ltr'><strong>Sede</strong></span> <span class='ocrx_word' id='word_1_20' title='bbox 1703 878 2193 960; x_wconf 67' lang='lat' dir='ltr'>successimus»,</span> <span class='ocrx_word' id='word_1_21' title='bbox 2237 877 2336 948; x_wconf 90' lang='lat' dir='ltr'><strong>sic</strong></span> <span class='ocrx_word' id='word_1_22' title='bbox 2393 878 2560 948; x_wconf 84' lang='lat' dir='ltr'><strong>licet</strong></span> <span class='ocrx_word' id='word_1_23' title='bbox 2611 876 2764 952; x_wconf 89' lang='lat' dir='ltr'><strong>eius</strong></span> <span class='ocrx_word' id='word_1_24' title='bbox 2803 901 2952 950; x_wconf 86' lang='lat' dir='ltr'><strong>me·-</strong></span> 
     </span>
     <span class='ocr_line' id='line_1_5' title="bbox 832 993 2952 1091; baseline 0.002 -24"><span class='ocrx_word' id='word_1_25' title='bbox 832 995 985 1067; x_wconf 87' lang='lat' dir='ltr'><strong>ritis</strong></span> <span class='ocrx_word' id='word_1_26' title='bbox 1022 1017 1233 1088; x_wconf 85' lang='lat' dir='ltr'><strong>quam</strong></span> <span class='ocrx_word' id='word_1_27' title='bbox 1268 993 1675 1086; x_wconf 80' lang='lat' dir='ltr'><strong>longissime</strong></span> <span class='ocrx_word' id='word_1_28' title='bbox 1713 997 2016 1089; x_wconf 86' lang='lat' dir='ltr'><strong>impares</strong></span> <span class='ocrx_word' id='word_1_29' title='bbox 2063 1017 2406 1070; x_wconf 82' lang='lat' dir='ltr'><strong>annorum</strong></span> <span class='ocrx_word' id='word_1_30' title='bbox 2453 998 2604 1070; x_wconf 85' lang='lat' dir='ltr'><strong>eius</strong></span> <span class='ocrx_word' id='word_1_31' title='bbox 2641 1000 2714 1070; x_wconf 86' lang='lat' dir='ltr'><strong>in</strong></span> <span class='ocrx_word' id='word_1_32' title='bbox 2758 995 2952 1091; x_wconf 82' lang='lat' dir='ltr'><strong>Apo-</strong></span> 
     </span>
     <span class='ocr_line' id='line_1_6' title="bbox 832 1099 2952 1209; baseline 0.001 -21"><span class='ocrx_word' id='word_1_33' title='bbox 832 1099 1112 1189; x_wconf 82' lang='lat' dir='ltr'><strong>stollcae</strong></span> <span class='ocrx_word' id='word_1_34' title='bbox 1168 1118 1533 1190; x_wconf 86' lang='lat' dir='ltr'><strong>servitutis</strong></span> <span class='ocrx_word' id='word_1_35' title='bbox 1589 1118 2053 1192; x_wconf 73' lang='lat' dir='ltr'>diuturnitate</span> <span class='ocrx_word' id='word_1_36' title='bbox 2123 1117 2512 1209; x_wconf 77' lang='lat' dir='ltr'><strong>reperimur</strong></span> <span class='ocrx_word' id='word_1_37' title='bbox 2563 1139 2718 1190; x_wconf 88' lang='lat' dir='ltr'><strong>esse</strong></span> <span class='ocrx_word' id='word_1_38' title='bbox 2773 1141 2952 1192; x_wconf 88' lang='lat' dir='ltr'><strong>con-</strong></span> 
     </span>
     <span class='ocr_line' id='line_1_7' title="bbox 832 1235 2950 1332; baseline 0 -25"><span class='ocrx_word' id='word_1_39' title='bbox 832 1249 1081 1311; x_wconf 79' lang='lat' dir='ltr'><strong>sortes.</strong></span> <span class='ocrx_word' id='word_1_40' title='bbox 1122 1235 1397 1312; x_wconf 81' lang='lat' dir='ltr'><strong>Novum</strong></span> <span class='ocrx_word' id='word_1_41' title='bbox 1452 1239 1583 1310; x_wconf 89' lang='lat' dir='ltr'><strong>boc</strong></span> <span class='ocrx_word' id='word_1_42' title='bbox 1636 1240 1981 1332; x_wconf 78' lang='lat' dir='ltr'><strong>profecto,</strong></span> <span class='ocrx_word' id='word_1_43' title='bbox 2023 1240 2372 1329; x_wconf 82' lang='lat' dir='ltr'><strong>singulare</strong></span> <span class='ocrx_word' id='word_1_44' title='bbox 2423 1259 2506 1310; x_wconf 90' lang='lat' dir='ltr'><strong>ac</strong></span> <span class='ocrx_word' id='word_1_45' title='bbox 2562 1239 2802 1330; x_wconf 81' lang='lat' dir='ltr'><strong>ingens</strong></span> <span class='ocrx_word' id='word_1_46' title='bbox 2839 1249 2950 1312; x_wconf 88' lang='lat' dir='ltr'><strong>est</strong></span> 
     </span>
     <span class='ocr_line' id='line_1_8' title="bbox 832 1357 2956 1450; baseline 0 -21"><span class='ocrx_word' id='word_1_47' title='bbox 832 1357 1119 1431; x_wconf 80' lang='lat' dir='ltr'><strong>divinae</strong></span> <span class='ocrx_word' id='word_1_48' title='bbox 1174 1357 1599 1450; x_wconf 83' lang='lat' dir='ltr'><strong>dignationis</strong></span> <span class='ocrx_word' id='word_1_49' title='bbox 1655 1381 1946 1443; x_wconf 88' lang='lat' dir='ltr'><strong>munus,</strong></span> <span class='ocrx_word' id='word_1_50' title='bbox 1981 1361 2172 1431; x_wconf 89' lang='lat' dir='ltr'><strong>acin</strong></span> <span class='ocrx_word' id='word_1_51' title='bbox 2229 1369 2428 1430; x_wconf 83' lang='lat' dir='ltr'><strong>tanta</strong></span> <span class='ocrx_word' id='word_1_52' title='bbox 2475 1360 2956 1432; x_wconf 85' lang='lat' dir='ltr'><strong>sanctissimo-</strong></span> 
     </span>
     <span class='ocr_line' id='line_1_9' title="bbox 831 1474 2956 1570; baseline 0.001 -21"><span class='ocrx_word' id='word_1_53' title='bbox 831 1499 989 1552; x_wconf 87' lang='lat' dir='ltr'><strong>rum</strong></span> <span class='ocrx_word' id='word_1_54' title='bbox 1044 1474 1451 1551; x_wconf 86' lang='lat' dir='ltr'><strong>Nostrorum</strong></span> <span class='ocrx_word' id='word_1_55' title='bbox 1504 1476 2128 1553; x_wconf 79' lang='lat' dir='ltr'><strong>praedecessorum</strong></span> <span class='ocrx_word' id='word_1_56' title='bbox 2193 1478 2371 1552; x_wconf 88' lang='lat' dir='ltr'><strong>serie</strong></span> <span class='ocrx_word' id='word_1_57' title='bbox 2427 1481 2504 1551; x_wconf 88' lang='lat' dir='ltr'><strong>in</strong></span> <span class='ocrx_word' id='word_1_58' title='bbox 2560 1480 2764 1570; x_wconf 84' lang='lat' dir='ltr'><strong>longo</strong></span> <span class='ocrx_word' id='word_1_59' title='bbox 2819 1503 2956 1552; x_wconf 91' lang='lat' dir='ltr'><strong>un-</strong></span> 
     </span>
     <span class='ocr_line' id='line_1_10' title="bbox 832 1597 2956 1693; baseline 0.001 -21"><span class='ocrx_word' id='word_1_60' title='bbox 832 1599 1172 1692; x_wconf 80' lang='lat' dir='ltr'><strong>deviginti</strong></span> <span class='ocrx_word' id='word_1_61' title='bbox 1227 1603 1660 1674; x_wconf 86' lang='lat' dir='ltr'><strong>saeculorum</strong></span> <span class='ocrx_word' id='word_1_62' title='bbox 1718 1621 1932 1673; x_wconf 86' lang='lat' dir='ltr'><strong>cursu</strong></span> <span class='ocrx_word' id='word_1_63' title='bbox 1985 1597 2202 1672; x_wconf 84' lang='lat' dir='ltr'><strong>Nobis</strong></span> <span class='ocrx_word' id='word_1_64' title='bbox 2258 1603 2500 1685; x_wconf 88' lang='lat' dir='ltr'><strong>unice,</strong></span> <span class='ocrx_word' id='word_1_65' title='bbox 2542 1597 2692 1673; x_wconf 88' lang='lat' dir='ltr'><strong>Deo</strong></span> <span class='ocrx_word' id='word_1_66' title='bbox 2720 1601 2956 1693; x_wconf 83' lang='lat' dir='ltr'><strong>dispo-</strong></span> 
     </span>
     <span class='ocr_line' id='line_1_11' title="bbox 834 1719 2954 1815; baseline -0.001 -21"><span class='ocrx_word' id='word_1_67' title='bbox 834 1732 1076 1805; x_wconf 83' lang='lat' dir='ltr'><strong>nente,</strong></span> <span class='ocrx_word' id='word_1_68' title='bbox 1160 1720 1513 1796; x_wconf 86' lang='lat' dir='ltr'><strong>collatum.</strong></span> <span class='ocrx_word' id='word_1_69' title='bbox 1572 1719 1654 1792; x_wconf 90' lang='lat' dir='ltr'><strong>ln</strong></span> <span class='ocrx_word' id='word_1_70' title='bbox 1709 1744 1848 1815; x_wconf 86' lang='lat' dir='ltr'><strong>quo</strong></span> <span class='ocrx_word' id='word_1_71' title='bbox 1905 1743 1991 1794; x_wconf 91' lang='lat' dir='ltr'><strong>eo</strong></span> <span class='ocrx_word' id='word_1_72' title='bbox 2069 1723 2276 1793; x_wconf 85' lang='lat' dir='ltr'><strong>etiam</strong></span> <span class='ocrx_word' id='word_1_73' title='bbox 2360 1721 2954 1795; x_wconf 80' lang='lat' dir='ltr'><strong>admirabiliorem</strong></span> 
     </span>
     <span class='ocr_line' id='line_1_12' title="bbox 836 1839 2956 1933; baseline -0.001 -17"><span class='ocrx_word' id='word_1_74' title='bbox 836 1839 1215 1916; x_wconf 82' lang='lat' dir='ltr'><strong>Nobiscum</strong></span> <span class='ocrx_word' id='word_1_75' title='bbox 1282 1840 1593 1918; x_wconf 84' lang='lat' dir='ltr'><strong>divinam</strong></span> <span class='ocrx_word' id='word_1_76' title='bbox 1677 1843 2180 1933; x_wconf 78' lang='lat' dir='ltr'><strong>benignitatem</strong></span> <span class='ocrx_word' id='word_1_77' title='bbox 2263 1845 2733 1933; x_wconf 80' lang='lat' dir='ltr'><strong>agnoscimus,</strong></span> <span class='ocrx_word' id='word_1_78' title='bbox 2791 1865 2956 1916; x_wconf 86' lang='lat' dir='ltr'><strong>cum</strong></span> 
     </span>
     <span class='ocr_line' id='line_1_13' title="bbox 840 1958 2960 2057; baseline -0.001 -21"><span class='ocrx_word' id='word_1_79' title='bbox 840 1963 1205 2038; x_wconf 86' lang='lat' dir='ltr'><strong>videamus</strong></span> <span class='ocrx_word' id='word_1_80' title='bbox 1260 1965 1394 2036; x_wconf 87' lang='lat' dir='ltr'><strong>hoc</strong></span> <span class='ocrx_word' id='word_1_81' title='bbox 1462 1976 1777 2057; x_wconf 87' lang='lat' dir='ltr'><strong>tempore</strong></span> <span class='ocrx_word' id='word_1_82' title='bbox 1834 1963 2080 2053; x_wconf 80' lang='lat' dir='ltr'><strong>dignos</strong></span> <span class='ocrx_word' id='word_1_83' title='bbox 2138 1958 2279 2033; x_wconf 87' lang='lat' dir='ltr'><strong>Nos</strong></span> <span class='ocrx_word' id='word_1_84' title='bbox 2359 1963 2598 2034; x_wconf 87' lang='lat' dir='ltr'><strong>baberi</strong></span> <span class='ocrx_word' id='word_1_85' title='bbox 2655 1963 2770 2056; x_wconf 81' lang='lat' dir='ltr'><strong>qui</strong></span> <span class='ocrx_word' id='word_1_86' title='bbox 2827 1985 2960 2055; x_wconf 86' lang='lat' dir='ltr'><strong>pro</strong></span> 
     </span>
     <span class='ocr_line' id='line_1_14' title="bbox 836 2083 2957 2178; baseline 0 -24"><span class='ocrx_word' id='word_1_87' title='bbox 836 2083 1101 2158; x_wconf 85' lang='lat' dir='ltr'><strong>iustitia</strong></span> <span class='ocrx_word' id='word_1_88' title='bbox 1142 2085 1710 2178; x_wconf 77' lang='lat' dir='ltr'><strong>persecutionem</strong></span> <span class='ocrx_word' id='word_1_89' title='bbox 1779 2084 2164 2175; x_wconf 86' lang='lat' dir='ltr'><strong>patiamur,</strong></span> <span class='ocrx_word' id='word_1_90' title='bbox 2207 2093 2278 2154; x_wconf 89' lang='lat' dir='ltr'><strong>et</strong></span> <span class='ocrx_word' id='word_1_91' title='bbox 2317 2103 2480 2154; x_wconf 86' lang='lat' dir='ltr'><strong>eum</strong></span> <span class='ocrx_word' id='word_1_92' title='bbox 2545 2085 2957 2175; x_wconf 80' lang='lat' dir='ltr'><strong>aspiciamus</strong></span> 
     </span>
     <span class='ocr_line' id='line_1_15' title="bbox 836 2200 2962 2298; baseline 0 -22"><span class='ocrx_word' id='word_1_93' title='bbox 836 2206 1093 2276; x_wconf 85' lang='lat' dir='ltr'><strong>mirum</strong></span> <span class='ocrx_word' id='word_1_94' title='bbox 1130 2205 1330 2278; x_wconf 89' lang='lat' dir='ltr'><strong>illum</strong></span> <span class='ocrx_word' id='word_1_95' title='bbox 1369 2202 1766 2277; x_wconf 84' lang='lat' dir='ltr'><strong>devotionis</strong></span> <span class='ocrx_word' id='word_1_96' title='bbox 1797 2213 1868 2274; x_wconf 88' lang='lat' dir='ltr'><strong>et</strong></span> <span class='ocrx_word' id='word_1_97' title='bbox 1897 2206 2152 2276; x_wconf 85' lang='lat' dir='ltr'><strong>amoris</strong></span> <span class='ocrx_word' id='word_1_98' title='bbox 2193 2203 2545 2285; x_wconf 76' lang='lat' dir='ltr'><strong>affectum,</strong></span> <span class='ocrx_word' id='word_1_99' title='bbox 2572 2223 2714 2298; x_wconf 88' lang='lat' dir='ltr'><strong>quo</strong></span> <span class='ocrx_word' id='word_1_100' title='bbox 2739 2200 2962 2276; x_wconf 89' lang='lat' dir='ltr'><strong>Chri-</strong></span> 
     </span>
     <span class='ocr_line' id='line_1_16' title="bbox 838 2325 2956 2418; baseline -0.001 -22"><span class='ocrx_word' id='word_1_101' title='bbox 838 2325 1112 2398; x_wconf 86' lang='lat' dir='ltr'><strong>stianus</strong></span> <span class='ocrx_word' id='word_1_102' title='bbox 1172 2325 1469 2418; x_wconf 88' lang='lat' dir='ltr'><strong>populus</strong></span> <span class='ocrx_word' id='word_1_103' title='bbox 1506 2327 1963 2397; x_wconf 87' lang='lat' dir='ltr'><strong>vehementer</strong></span> <span class='ocrx_word' id='word_1_104' title='bbox 2003 2326 2232 2415; x_wconf 80' lang='lat' dir='ltr'><strong>agitur</strong></span> <span class='ocrx_word' id='word_1_105' title='bbox 2271 2325 2523 2418; x_wconf 91' lang='lat' dir='ltr'><strong>ubique</strong></span> <span class='ocrx_word' id='word_1_106' title='bbox 2583 2335 2956 2407; x_wconf 87' lang='lat' dir='ltr'><strong>terrarum,</strong></span> 
     </span>
     <span class='ocr_line' id='line_1_17' title="bbox 841 2442 2964 2537; baseline -0.001 -20"><span class='ocrx_word' id='word_1_107' title='bbox 841 2445 1035 2517; x_wconf 87' lang='lat' dir='ltr'><strong>etad</strong></span> <span class='ocrx_word' id='word_1_108' title='bbox 1072 2447 1251 2518; x_wconf 90' lang='lat' dir='ltr'><strong>hanc</strong></span> <span class='ocrx_word' id='word_1_109' title='bbox 1306 2443 1629 2518; x_wconf 82' lang='lat' dir='ltr'><strong>Sanctam</strong></span> <span class='ocrx_word' id='word_1_110' title='bbox 1685 2442 1943 2516; x_wconf 89' lang='lat' dir='ltr'><strong>Sedem</strong></span> <span class='ocrx_word' id='word_1_111' title='bbox 1999 2445 2310 2515; x_wconf 80' lang='lat' dir='ltr'><strong>unanimi</strong></span> <span class='ocrx_word' id='word_1_112' title='bbox 2367 2445 2602 2517; x_wconf 87' lang='lat' dir='ltr'><strong>studio</strong></span> <span class='ocrx_word' id='word_1_113' title='bbox 2657 2445 2964 2537; x_wconf 88' lang='lat' dir='ltr'><strong>compel-</strong></span> 
     </span>
     <span class='ocr_line' id='line_1_18' title="bbox 842 2561 2966 2655; baseline -0 -18"><span class='ocrx_word' id='word_1_114' title='bbox 842 2565 1040 2637; x_wconf 86' lang='lat' dir='ltr'><strong>litur.</strong></span> <span class='ocrx_word' id='word_1_115' title='bbox 1084 2563 1285 2655; x_wconf 85' lang='lat' dir='ltr'><strong>Quae</strong></span> <span class='ocrx_word' id='word_1_116' title='bbox 1324 2587 1494 2641; x_wconf 88' lang='lat' dir='ltr'><strong>sanc</strong></span> <span class='ocrx_word' id='word_1_117' title='bbox 1534 2584 2014 2640; x_wconf 85' lang='lat' dir='ltr'><strong>muncracum</strong></span> <span class='ocrx_word' id='word_1_118' title='bbox 2055 2565 2124 2635; x_wconf 89' lang='lat' dir='ltr'><strong>in</strong></span> <span class='ocrx_word' id='word_1_119' title='bbox 2161 2561 2304 2637; x_wconf 91' lang='lat' dir='ltr'><strong>Nos</strong></span> <span class='ocrx_word' id='word_1_120' title='bbox 2363 2567 2533 2640; x_wconf 86' lang='lat' dir='ltr'><strong>adeo</strong></span> <span class='ocrx_word' id='word_1_121' title='bbox 2589 2566 2966 2637; x_wconf 86' lang='lat' dir='ltr'><strong>immeren-</strong></span> 
     </span>
     <span class='ocr_line' id='line_1_19' title="bbox 840 2684 2960 2781; baseline -0.001 -22"><span class='ocrx_word' id='word_1_122' title='bbox 840 2698 947 2760; x_wconf 87' lang='lat' dir='ltr'><strong>tes</strong></span> <span class='ocrx_word' id='word_1_123' title='bbox 1003 2690 1253 2761; x_wconf 86' lang='lat' dir='ltr'><strong>collata</strong></span> <span class='ocrx_word' id='word_1_124' title='bbox 1320 2688 1578 2761; x_wconf 75' lang='lat' dir='ltr'><strong>fuerint</strong></span> <span class='ocrx_word' id='word_1_125' title='bbox 1610 2739 1630 2774; x_wconf 98' lang='lat'><strong>,</strong></span> <span class='ocrx_word' id='word_1_126' title='bbox 1691 2688 1878 2759; x_wconf 89' lang='lat' dir='ltr'><strong>vires</strong></span> <span class='ocrx_word' id='word_1_127' title='bbox 1956 2684 2242 2760; x_wconf 78' lang='lat' dir='ltr'><strong>Nosti-as</strong></span> <span class='ocrx_word' id='word_1_128' title='bbox 2311 2710 2596 2781; x_wconf 89' lang='lat' dir='ltr'><strong>prorsus</strong></span> <span class='ocrx_word' id='word_1_129' title='bbox 2663 2688 2960 2777; x_wconf 83' lang='lat' dir='ltr'><strong>impares</strong></span> 
     </span>
     <span class='ocr_line' id='line_1_20' title="bbox 840 2808 2963 2902; baseline 0 -23"><span class='ocrx_word' id='word_1_130' title='bbox 840 2809 1261 2902; x_wconf 82' lang='lat' dir='ltr'><strong>experimur,</strong></span> <span class='ocrx_word' id='word_1_131' title='bbox 1316 2822 1399 2883; x_wconf 86' lang='lat' dir='ltr'><strong>ut</strong></span> <span class='ocrx_word' id='word_1_132' title='bbox 1454 2810 1718 2899; x_wconf 79' lang='lat' dir='ltr'><strong>gratiae</strong></span> <span class='ocrx_word' id='word_1_133' title='bbox 1805 2808 2202 2881; x_wconf 88' lang='lat' dir='ltr'><strong>reddendae</strong></span> <span class='ocrx_word' id='word_1_134' title='bbox 2261 2808 2488 2881; x_wconf 87' lang='lat' dir='ltr'><strong>officio</strong></span> <span class='ocrx_word' id='word_1_135' title='bbox 2543 2830 2672 2901; x_wconf 90' lang='lat' dir='ltr'><strong>pro</strong></span> <span class='ocrx_word' id='word_1_136' title='bbox 2727 2808 2963 2880; x_wconf 85' lang='lat' dir='ltr'><strong>debita</strong></span> 
     </span>
     <span class='ocr_line' id='line_1_21' title="bbox 843 2926 2964 3030; baseline -0 -30"><span class='ocrx_word' id='word_1_137' title='bbox 843 2929 1115 3003; x_wconf 88' lang='lat' dir='ltr'><strong>ratione</strong></span> <span class='ocrx_word' id='word_1_138' title='bbox 1190 2930 1751 3030; x_wconf 80' lang='lat' dir='ltr'><strong>respondeamus.</strong></span> <span class='ocrx_word' id='word_1_139' title='bbox 1811 2927 2282 3019; x_wconf 81' lang='lat' dir='ltr'><strong>Quamobrem</strong></span> <span class='ocrx_word' id='word_1_140' title='bbox 2339 2930 2502 3002; x_wconf 89' lang='lat' dir='ltr'><strong>dum</strong></span> <span class='ocrx_word' id='word_1_141' title='bbox 2561 2930 2650 2999; x_wconf 88' lang='lat' dir='ltr'><strong>ab</strong></span> <span class='ocrx_word' id='word_1_142' title='bbox 2703 2926 2964 2999; x_wconf 85' lang='lat' dir='ltr'><strong>Imma-</strong></span> 
     </span>
     <span class='ocr_line' id='line_1_22' title="bbox 842 3046 2962 3143; baseline -0.001 -21"><span class='ocrx_word' id='word_1_143' title='bbox 842 3050 1082 3125; x_wconf 79' lang='lat' dir='ltr'><strong>culata</strong></span> <span class='ocrx_word' id='word_1_144' title='bbox 1108 3046 1415 3143; x_wconf 88' lang='lat' dir='ltr'><strong>Deipara</strong></span> <span class='ocrx_word' id='word_1_145' title='bbox 1446 3046 1729 3143; x_wconf 86' lang='lat' dir='ltr'><strong>Virgine</strong></span> <span class='ocrx_word' id='word_1_146' title='bbox 1767 3050 2101 3142; x_wconf 81' lang='lat' dir='ltr'><strong>petimuS,</strong></span> <span class='ocrx_word' id='word_1_147' title='bbox 2135 3064 2212 3120; x_wconf 86' lang='lat' dir='ltr'><strong>ut</strong></span> <span class='ocrx_word' id='word_1_148' title='bbox 2243 3046 2384 3122; x_wconf 89' lang='lat' dir='ltr'><strong>Nos</strong></span> <span class='ocrx_word' id='word_1_149' title='bbox 2423 3050 2677 3121; x_wconf 87' lang='lat' dir='ltr'><strong>doceat</strong></span> <span class='ocrx_word' id='word_1_150' title='bbox 2713 3049 2962 3121; x_wconf 86' lang='lat' dir='ltr'><strong>eodem</strong></span> 
     </span>
     <span class='ocr_line' id='line_1_23' title="bbox 844 3166 2965 3262; baseline -0 -21"><span class='ocrx_word' id='word_1_151' title='bbox 844 3190 925 3243; x_wconf 89' lang='lat' dir='ltr'><strong>ac</strong></span> <span class='ocrx_word' id='word_1_152' title='bbox 961 3172 1111 3262; x_wconf 89' lang='lat' dir='ltr'><strong>ipsa</strong></span> <span class='ocrx_word' id='word_1_153' title='bbox 1151 3170 1395 3262; x_wconf 83' lang='lat' dir='ltr'><strong>spiritu</strong></span> <span class='ocrx_word' id='word_1_154' title='bbox 1454 3169 1744 3243; x_wconf 87' lang='lat' dir='ltr'><strong>reddere</strong></span> <span class='ocrx_word' id='word_1_155' title='bbox 1802 3168 2088 3260; x_wconf 81' lang='lat' dir='ltr'><strong>gloriam</strong></span> <span class='ocrx_word' id='word_1_156' title='bbox 2138 3166 2501 3241; x_wconf 82' lang='lat' dir='ltr'><strong>Altissimo</strong></span> <span class='ocrx_word' id='word_1_157' title='bbox 2557 3170 2965 3255; x_wconf 76' lang='lat' dir='ltr'><strong>sublimibus</strong></span> 
     </span>
     <span class='ocr_line' id='line_1_24' title="bbox 846 3276 2967 3383; baseline -0 -21"><span class='ocrx_word' id='word_1_158' title='bbox 846 3292 985 3363; x_wconf 85' lang='lat' dir='ltr'><strong>illis</strong></span> <span class='ocrx_word' id='word_1_159' title='bbox 1024 3276 1255 3363; x_wconf 77' lang='lat' dir='ltr'><strong>verbis</strong></span> <span class='ocrx_word' id='word_1_160' title='bbox 1304 3316 1335 3359; x_wconf 91' lang='lat'>«</span> <span class='ocrx_word' id='word_1_161' title='bbox 1386 3290 1549 3362; x_wconf 78' lang='lat' dir='ltr'><strong>lecit</strong></span> <span class='ocrx_word' id='word_1_162' title='bbox 1586 3292 1758 3362; x_wconf 87' lang='lat' dir='ltr'><strong>mihi</strong></span> <span class='ocrx_word' id='word_1_163' title='bbox 1797 3312 2042 3381; x_wconf 82' lang='lat' dir='ltr'><strong>magna</strong></span> <span class='ocrx_word' id='word_1_164' title='bbox 2081 3292 2205 3383; x_wconf 85' lang='lat' dir='ltr'><strong>qui</strong></span> <span class='ocrx_word' id='word_1_165' title='bbox 2261 3284 2522 3361; x_wconf 84' lang='lat' dir='ltr'><strong>Potens</strong></span> <span class='ocrx_word' id='word_1_166' title='bbox 2563 3300 2670 3361; x_wconf 86' lang='lat' dir='ltr'><strong>est</strong></span> <span class='ocrx_word' id='word_1_167' title='bbox 2715 3314 2785 3372; x_wconf 66' lang='lat' dir='ltr'><strong>n,</strong></span> <span class='ocrx_word' id='word_1_168' title='bbox 2825 3284 2967 3361; x_wconf 80' lang='lat' dir='ltr'><strong>Vos</strong></span> 
     </span>
     <span class='ocr_line' id='line_1_25' title="bbox 846 3388 2968 3511; baseline -0.003 -27"><span class='ocrx_word' id='word_1_169' title='bbox 846 3412 1054 3484; x_wconf 86' lang='lat' dir='ltr'><strong>etiam</strong></span> <span class='ocrx_word' id='word_1_170' title='bbox 1112 3424 1318 3511; x_wconf 87' lang='lat' dir='ltr'><strong>atque</strong></span> <span class='ocrx_word' id='word_1_171' title='bbox 1375 3413 1585 3483; x_wconf 86' lang='lat' dir='ltr'><strong>etiam</strong></span> <span class='ocrx_word' id='word_1_172' title='bbox 1644 3432 1997 3502; x_wconf 74' lang='lat' dir='ltr'><strong>rogamuS,</strong></span> <span class='ocrx_word' id='word_1_173' title='bbox 2039 3404 2493 3481; x_wconf 75' lang='lat' dir='ltr'><strong>venerabiles</strong></span> <span class='ocrx_word' id='word_1_174' title='bbox 2534 3388 2968 3491; x_wconf 45' lang='lat' dir='ltr'><strong>Fratressut</strong></span> 
     </span>
     <span class='ocr_line' id='line_1_26' title="bbox 848 3527 2968 3626; baseline -0.002 -22"><span class='ocrx_word' id='word_1_175' title='bbox 848 3554 985 3605; x_wconf 90' lang='lat' dir='ltr'><strong>una</strong></span> <span class='ocrx_word' id='word_1_176' title='bbox 1041 3552 1201 3603; x_wconf 90' lang='lat' dir='ltr'><strong>cum</strong></span> <span class='ocrx_word' id='word_1_177' title='bbox 1277 3531 1599 3626; x_wconf 79' lang='lat' dir='ltr'><strong>gregibus</strong></span> <span class='ocrx_word' id='word_1_178' title='bbox 1660 3527 1874 3603; x_wconf 83' lang='lat' dir='ltr'><strong>Vobis</strong></span> <span class='ocrx_word' id='word_1_179' title='bbox 1949 3529 2336 3603; x_wconf 87' lang='lat' dir='ltr'><strong>commissis</strong></span> <span class='ocrx_word' id='word_1_180' title='bbox 2409 3531 2685 3602; x_wconf 85' lang='lat' dir='ltr'><strong>cantica</strong></span> <span class='ocrx_word' id='word_1_181' title='bbox 2761 3540 2968 3623; x_wconf 85' lang='lat' dir='ltr'><strong>atque</strong></span> 
     </span>
     <span class='ocr_line' id='line_1_27' title="bbox 848 3646 2972 3746; baseline -0.002 -22"><span class='ocrx_word' id='word_1_182' title='bbox 848 3650 1148 3746; x_wconf 86' lang='lat' dir='ltr'><strong>hymnos</strong></span> <span class='ocrx_word' id='word_1_183' title='bbox 1188 3652 1415 3727; x_wconf 87' lang='lat' dir='ltr'><strong>laudis</strong></span> <span class='ocrx_word' id='word_1_184' title='bbox 1454 3665 1529 3724; x_wconf 88' lang='lat' dir='ltr'><strong>et</strong></span> <span class='ocrx_word' id='word_1_185' title='bbox 1565 3652 1949 3746; x_wconf 80' lang='lat' dir='ltr'><strong>gratiarum</strong></span> <span class='ocrx_word' id='word_1_186' title='bbox 1988 3646 2370 3723; x_wconf 86' lang='lat' dir='ltr'><strong>Nobiscum</strong></span> <span class='ocrx_word' id='word_1_187' title='bbox 2409 3646 2556 3722; x_wconf 91' lang='lat' dir='ltr'><strong>Deo</strong></span> <span class='ocrx_word' id='word_1_188' title='bbox 2617 3650 2972 3742; x_wconf 84' lang='lat' dir='ltr'><strong>persolva·</strong></span> 
     </span>
     <span class='ocr_line' id='line_1_28' title="bbox 852 3766 2974 3868; baseline -0.001 -24"><span class='ocrx_word' id='word_1_189' title='bbox 852 3772 965 3844; x_wconf 88' lang='lat' dir='ltr'><strong>tis.</strong></span> <span class='ocrx_word' id='word_1_190' title='bbox 1003 3768 1441 3868; x_wconf 79' lang='lat' dir='ltr'><strong>Magnificate</strong></span> <span class='ocrx_word' id='word_1_191' title='bbox 1468 3766 1611 3844; x_wconf 83' lang='lat' dir='ltr'><strong>Vos</strong></span> <span class='ocrx_word' id='word_1_192' title='bbox 1642 3768 2021 3843; x_wconf 86' lang='lat' dir='ltr'><strong>Dominum</strong></span> <span class='ocrx_word' id='word_1_193' title='bbox 2051 3791 2352 3855; x_wconf 90' lang='lat' dir='ltr'><strong>mecum,</strong></span> <span class='ocrx_word' id='word_1_194' title='bbox 2385 3771 2687 3843; x_wconf 87' lang='lat' dir='ltr'><strong>dicimus</strong></span> <span class='ocrx_word' id='word_1_195' title='bbox 2716 3766 2974 3841; x_wconf 83' lang='lat' dir='ltr'><strong>Leonis</strong></span> 
     </span>
     <span class='ocr_line' id='line_1_29' title="bbox 850 3888 2968 3983; baseline -0.003 -18"><span class='ocrx_word' id='word_1_196' title='bbox 850 3888 1079 3983; x_wconf 79' lang='lat' dir='ltr'><strong>Magni</strong></span> <span class='ocrx_word' id='word_1_197' title='bbox 1136 3894 1459 3975; x_wconf 86' lang='lat' dir='ltr'><strong>vocibus,</strong></span> <span class='ocrx_word' id='word_1_198' title='bbox 1499 3905 1572 3964; x_wconf 88' lang='lat' dir='ltr'><strong>ct</strong></span> <span class='ocrx_word' id='word_1_199' title='bbox 1608 3892 1988 3963; x_wconf 81' lang='lat' dir='ltr'><strong>exaltemus</strong></span> <span class='ocrx_word' id='word_1_200' title='bbox 2029 3910 2286 3962; x_wconf 86' lang='lat' dir='ltr'><strong>nomen</strong></span> <span class='ocrx_word' id='word_1_201' title='bbox 2323 3891 2468 3960; x_wconf 90' lang='lat' dir='ltr'><strong>eius</strong></span> <span class='ocrx_word' id='word_1_202' title='bbox 2525 3888 2594 3959; x_wconf 88' lang='lat' dir='ltr'><strong>in</strong></span> <span class='ocrx_word' id='word_1_203' title='bbox 2634 3890 2968 3973; x_wconf 83' lang='lat' dir='ltr'><strong>invicem,</strong></span> 
     </span>
     <span class='ocr_line' id='line_1_30' title="bbox 852 4011 2974 4105; baseline -0.002 -20"><span class='ocrx_word' id='word_1_204' title='bbox 852 4024 933 4085; x_wconf 87' lang='lat' dir='ltr'><strong>ut</strong></span> <span class='ocrx_word' id='word_1_205' title='bbox 987 4022 1138 4084; x_wconf 80' lang='lat' dir='ltr'><strong>tota</strong></span> <span class='ocrx_word' id='word_1_206' title='bbox 1192 4011 1368 4085; x_wconf 80' lang='lat' dir='ltr'><strong>ratio</strong></span> <span class='ocrx_word' id='word_1_207' title='bbox 1433 4014 1816 4105; x_wconf 78' lang='lat' dir='ltr'><strong>gratiarum</strong></span> <span class='ocrx_word' id='word_1_208' title='bbox 1874 4022 1948 4086; x_wconf 79' lang='lat' dir='ltr'><strong>et</strong></span> <span class='ocrx_word' id='word_1_209' title='bbox 2002 4011 2558 4093; x_wconf 86' lang='lat' dir='ltr'><strong>miserationum,</strong></span> <span class='ocrx_word' id='word_1_210' title='bbox 2613 4032 2787 4103; x_wconf 88' lang='lat' dir='ltr'><strong>quas</strong></span> <span class='ocrx_word' id='word_1_211' title='bbox 2846 4032 2974 4081; x_wconf 90' lang='lat' dir='ltr'><strong>ac·-</strong></span> 
     </span>
     <span class='ocr_line' id='line_1_31' title="bbox 851 4126 2974 4224; baseline -0.002 -21"><span class='ocrx_word' id='word_1_212' title='bbox 851 4132 1199 4224; x_wconf 79' lang='lat' dir='ltr'><strong>cepimuS,</strong></span> <span class='ocrx_word' id='word_1_213' title='bbox 1258 4133 1341 4204; x_wconf 86' lang='lat' dir='ltr'><strong>ad</strong></span> <span class='ocrx_word' id='word_1_214' title='bbox 1396 4134 1678 4206; x_wconf 82' lang='lat' dir='ltr'><strong>laudem</strong></span> <span class='ocrx_word' id='word_1_215' title='bbox 1733 4134 1846 4206; x_wconf 89' lang='lat' dir='ltr'><strong>sui</strong></span> <span class='ocrx_word' id='word_1_216' title='bbox 1903 4135 2249 4205; x_wconf 75' lang='lat' dir='ltr'><strong>referatur</strong></span> <span class='ocrx_word' id='word_1_217' title='bbox 2284 4130 2622 4203; x_wconf 83' lang='lat' dir='ltr'><strong>auctoris.</strong></span> <span class='ocrx_word' id='word_1_218' title='bbox 2681 4126 2974 4223; x_wconf 85' lang='lat' dir='ltr'><strong>Populis</strong></span> 
     </span>
     <span class='ocr_line' id='line_1_32' title="bbox 854 4246 2974 4347; baseline -0.002 -19"><span class='ocrx_word' id='word_1_219' title='bbox 854 4265 1096 4330; x_wconf 87' lang='lat' dir='ltr'><strong>autem</strong></span> <span class='ocrx_word' id='word_1_220' title='bbox 1118 4254 1379 4327; x_wconf 85' lang='lat' dir='ltr'><strong>vestris</strong></span> <span class='ocrx_word' id='word_1_221' title='bbox 1410 4253 1799 4347; x_wconf 77' lang='lat' dir='ltr'><strong>significate</strong></span> <span class='ocrx_word' id='word_1_222' title='bbox 1841 4255 2198 4326; x_wconf 87' lang='lat' dir='ltr'><strong>incensam</strong></span> <span class='ocrx_word' id='word_1_223' title='bbox 2237 4246 2974 4335; x_wconf 79' lang='lat' dir='ltr'><strong>caritatemNostram,</strong></span> 
     </span>
     <span class='ocr_line' id='line_1_33' title="bbox 856 4373 2976 4472; baseline -0.003 -23"><span class='ocrx_word' id='word_1_224' title='bbox 856 4376 1431 4472; x_wconf 77' lang='lat' dir='ltr'><strong>gratissimosquc</strong></span> <span class='ocrx_word' id='word_1_225' title='bbox 1488 4374 1706 4449; x_wconf 87' lang='lat' dir='ltr'><strong>animi</strong></span> <span class='ocrx_word' id='word_1_226' title='bbox 1785 4394 2036 4449; x_wconf 87' lang='lat' dir='ltr'><strong>sensus</strong></span> <span class='ocrx_word' id='word_1_227' title='bbox 2097 4374 2184 4447; x_wconf 88' lang='lat' dir='ltr'><strong>ob</strong></span> <span class='ocrx_word' id='word_1_228' title='bbox 2239 4374 2602 4467; x_wconf 83' lang='lat' dir='ltr'><strong>praeclara</strong></span> <span class='ocrx_word' id='word_1_229' title='bbox 2659 4373 2976 4465; x_wconf 88' lang='lat' dir='ltr'><strong>ipsorum</strong></span> 
     </span>
    </p>
   </div>
  </div>
 </body>
</html>
