3292 5275
2226 473 2374 557 131

257 636 422 697 cum
455 612 616 693 filiis
671 614 816 689 suis
855 614 1214 707 agendum
1277 622 1582 707 putaret.
1641 608 1847 702 Quod
1912 616 2383 699 autem-sub-

261 734 462 811 iectis
521 737 662 812 iam
727 732 1160 810 Patriarchis
1217 753 1300 809 ea
1365 738 1516 825 lege
1546 746 1718 828 ‚qua'
1762 735 2157 809 inconsulta
2198 732 2385 829 Apo·

259 855 511 929 stolica
575 850 786 943 Sede,
839 855 1044 931 bona·
1077 875 1352 929 mensae
1419 876 1592 929 suae
1658 854 1963 931 alienare
2026 868 2396 945 vetantur,

261 976 390 1047 hoc
431 975 664 1067 ipsum
723 977 794 1047 in
842 971 1098 1049 Nostra
1155 970 1667 1067 Constitutione
1706 976 2221 1079 decernendum
2258 980 2387 1049 du·-

262 1097 578 1169 xerimus
635 1096 724 1167 de
781 1098 940 1167 aliis
997 1096 1496 1169 ecclesiasticis
1559 1094 1755 1167 honis
1789 1143 1810 1180 ,
1876 1098 1951 1172 id
2022 1119 2161 1169 non
2228 1101 2397 1173 sine¹

262 1216 702 1307 gravissimis
767 1216 1019 1302 causis,
1077 1216 1166 1287 de
1231 1216 1484 1308 quibus
1545 1217 1809 1306 optime
1864 1217 2193 1291 novimus
2235 1214 2390 1299 Deo

261 1358 306 1407 a
370 1332 580 1407 Nobis
645 1337 1070 1409 reddendam
1147 1339 1520 1419 rationem,
1597 1336 1863 1409 sactum
1926 1336 2140 1411 fuisse
2170 1356 2203 1421 ‚·
2243 1355 2401 1409 'ne-s

259 1477 377 1527 mo
421 1478 604 1529 unus
661 1456 784 1550 qui
843 1466 1030 1528 recte
1095 1456 1412 1529 iudicare
1468 1456 1642 1528 velit
1700 1458 1959 1547 poterit
2017 1460 2385 1550 suspicari,

269 1572 566 1651 Novisse
605 1576 933 1665 sufficiat,
993 1578 1179 1670 quod
1237 1580 1552 1669 profecto
1607 1578 1910 1670 quisque,
1966 1580 2245 1669 sapiens
2280 1580 2390 1651 in-

266 1695 553 1787 telliget,
589 1692 1064 1769 Ecclesiarum
1125 1697 1596 1783 indemnitati,
1645 1706 1721 1769 et
1772 1698 2107 1770 bonorum
2164 1700 2391 1773 eccle·-

264 1814 704 1889 siasticorum
786 1816 1288 1889 conservationi
1355 1838 1440 1889 eo
1495 1828 1701 1909 pacto
1760 1817 1984 1889 tutius
2040 1826 2111 1887 et
2165 1820 2389 1890 effica-

264 1939 418 2011 cius
475 1938 868 2010 consultum
923 1957 1078 2011 esse
1111 1987 1131 2024 ‚
1189 1938 1376 2029 quin
1433 1936 1759 2029 legitimis
1814 1938 2151 2029 cuiusque
2207 1937 2389 2009 iuri-

261 2056 392 2131 bus
446 2058 952 2147 praeiudicium
1005 2059 1220 2134 fuerit
1275 2059 1549 2129 illatum
1587 2078 1710 2149 per
1743 2068 2197 2131 memoratam
2235 2053 2387 2131 No-

263 2186 478 2253 stram
534 2175 1146 2263 Constitutionem.

375 2289 498 2371 46.
557 2294 922 2389 Quomodo
977 2300 1391 2373 vero·hisce
1447 2294 1723 2373 Nostris
1776 2301 2075 2385 decretis
2131 2302 2385 2385 summi

263 2414 676 2512 imperantis
731 2424 887 2494 iura
941 2423 1046 2493 uti
1103 2422 1298 2506 aiunt
1351 2420 1538 2493 laesa
1593 2424 1885 2503 fuerint,
1942 2418 2239 2513 ingenue
2280 2424 2385 2493 fa-

267 2551 493 2613 temur
546 2535 688 2613 Nos
744 2540 935 2613 nullo
991 2532 1192 2631 pact'o
1245 2539 1691 2635 intelligere3
1744 2550 2017 2613 tantum
2073 2541 2275 2627 abest
2309 2551 2392 2611 ut

264 2661 397 2732 hoc
453 2663 570 2733 vel
624 2662 1084 2746 voluerimuS,
1127 2673 1252 2735 aut
1289 2661 1439 2733 fieri
1489 2683 1689 2753 posse
1738 2659 2387 2737 existimaverimus,

266 2775 446 2852 Nam
499 2781 554 2852 si
611 2782 744 2853 dici
801 2804 945 2854 non
999 2793 1284 2874 potest,
1344 2783 1590 2854 iisdem
1654 2771 1943 2863 iuribus
1996 2802 2391 2874 ‚repugnare

267 2923 422 2974 eam
496 2914 948 2996 potestatem,
1007 2926 1155 2996 qua
1243 2904 1510 2996 pollent
1573 2904 1640 2975 in
1723 2902 1876 2994 ipso
1931 2897 2399 2990 Othomanico.

267 3023 564 3116 imperio
618 3020 1068 3096 patriarchae
1125 3034 1196 3094 et
1251 3019 1584 3116 Episcopi
1639 3024 1829 3094 circa
1884 3021 2231 3095 honorum
2266 3043 2403 3100 eoa,

269 3145 826 3218 clesiasticorum
903 3146 1500 3236 procurationem,
1575 3163 1803 3234 neque
1868 3142 2139 3214 iisdem-
2187 3163 2399 3234 τερα-ζ

267 3285 486 3358 gnare
541 3265 832 3338 dicenda
889 3267 1009 3336 illa
1067 3277 1204 3348 est,
1252 3285 1468 3356 quam
1527 3259 1933 3356 Apostolica
1989 3257 2207 3334 Sedes
2242 3281 2396 3352 pro

267 3408 398 3464 suo
450 3386 684 3458 debito
723 3383 1260 3468 etiureexerit,
1302 3406 1461 3458 curn
1513 3384 1799 3456 modum
1856 3381 2205 3475 praefinit,
2265 3403 2399 3474 sua.

270 3509 482 3585 etiam
541 3510 962 3601 auctoritate
1018 3507 1576 3592 interveniente,
1631 3525 1772 3597 quo
1827 3524 2184 3576 sacrorum
2247 3497 2397 3578 Au-

275 3631 530 3702 tistites
569 3649 666 3700 ea
725 3631 834 3702 uti
893 3629 1213 3718 debeant,
1253 3639 1330 3698 ut
1375 3628 1470 3698 sit
1523 3627 1596 3696 in
1652 3623 2203 3696 aedificationem
2258 3605 2401 3716 non

269 3748 346 3820 in
404 3750 968 3822 destructionem.
1028 3745 1182 3839 Quo
1223 3760 1428 3840 pacto
1486 3747 1855 3840 provisum
1894 3767 1931 3814 a
1969 3739 2183 3815 Nobis
2218 3743 2395 3814 fuis-

271 3890 348 3942 se
405 3881 600 3964 patet
636 3871 982 3942 bonorum
1019 3869 1322 3962 ipsorum
1377 3865 1878 3948 incolumitati,
1920 3883 2203 3957 remque
2258 3863 2397 3936 uti-

267 3992 408 4062 lem
453 4013 672 4088 quam
711 3993 1017 4064 maxime
1066 3991 1380 4062 futuram
1426 3987 1745 4060 ecclesiis
1801 3985 2155 4058 catholicis
2210 4003 2397 4078 quae

271 4133 399 4204 per
455 4103 820 4202 Orientem
893 4109 1318 4184 constitutae
1375 4117 1592 4179 sunt:
1654 4105 1839 4199 quod
1923 4105 2049 4179 ubi·
2100 4114 2397 4176 conten-

271 4233 502 4302 tiones
539 4231 1323 4328 deferbuerinnomnes
1363 4234 1785 4322 agnoscent3
1824 4224 2083 4318 posteri
2130 4222 2397 4304 autem,

273 4353 333 4422 si
393 4359 626 4424 tamen
713 4351 844 4422 hae
901 4352 1088 4442 leges
1172 4348 1493 4442 religiose
1558 4346 2045 4418 custodiantur
2080 4393 2104 4425 ,
2158 4345 2397 4438 procul

1876 4470 1974 4548 9*
