3292 5275
832 481 1001 577 360.

828 624 1207 715 patientiae
1246 632 1317 695 et
1358 620 1908 711 longanimitatis
1967 618 2098 693 Dei
2137 623 2605 693 contemnatis
2626 644 2652 708 3
2685 632 2754 691 et
2791 622 2974 695 dum

827 755 991 829 tpmj
1028 745 1293 837 ampla,
1358 754 1501 814 tam
1560 742 1779 813 facilis
1837 742 2082 813 veniae
2165 744 2706 835 consequendae
2763 744 2972 833 copia

830 877 1119 955 paratur
1176 864 1413 965 vobist·
1464 861 1702 939 nolite.
1739 864 2186 935 contumacia
2229 876 2471 937 vestra
2521 863 2980 935 inexcusabi-

824 984 931 1057 les
991 1004 1116 1067 vos
1176 984 1407 1058 faeere
1468 983 1659 1074 apud
1719 978 2054 1055 Divinum
2111 978 2448 1071 iudicem,
2489 996 2566 1053 et
2627 983 2976 1055 thesauri-

827 1125 985 1191 aare
1046 1106 1265 1187 ,vobis
1348 1104 1514 1176 iram
1574 1104 1647 1173 in
1705 1102 1818 1173 dic
1905 1104 2052 1176 ir‘ae
2105 1117 2180 1175 et
2259 1104 2715 1177 revelationis
2789 1094 2970 1175 iusti

828 1225 1060 1299 iudicii
1140 1222 1297 1298 Dei.
1384 1222 1633 1297 Redite
1694 1224 1928 1318 itaque
2005 1227 2604 1318 praevaricatores
2661 1226 2752 1298 ad
2809 1248 2963 1309 cor,

826 1347 1383 1431 reconciliamini
1444 1342 1593 1423 Deo
1625 1368 1651 1435 3
1691 1348 1994 1421 mundus
2055 1350 2310 1420 transit
2346 1362 2420 1421 et
2459 1349 2970 1439 concupiscen-

831 1468 930 1555 tja
984 1468 1137 1541 eius
1167 1489 1194 1557 3
1230 1469 1515 1544 abiicite
1572 1489 1782 1562 opera
1841 1469 2307 1547 tenebrarum,
2345 1467 2716 1542 induimini
2767 1490 2966 1541 arma

831 1586 1037 1675 lucis,
1094 1589 1413 1668 desinite,
1468 1590 1710 1665 hostes
1793 1611 1950 1663 esse
2031 1592 2301 1662 animae
2379 1604 2692 1674 vestrae,
2755 1602 2838 1662 ut
2893 1591 2964 1661 ei

831 1710 1113 1797 tandem
1174 1732 1411 1803 pacem
1462 1711 1535 1785 iu
1592 1711 1724 1784 hoc
1781 1712 2095 1801 saeculo,
2129 1725 2202 1785 et
2258 1714 2332 1783 in
2389 1715 2608 1785 altero
2665 1723 2966 1784 aeterna

834 1830 1181 1914 iustorum
1224 1834 1537 1925 praemia
1578 1834 1984 1907 concilietis,
2023 1829 2214 1906 Haec
2253 1846 2416 1905 sunt
2451 1846 2616 1905 vota
2671 1829 2964 1905 Nostrae

831 1950 1003 2037 haec
1057 1974 1099 2025 a
1152 1950 1722 2029 Clementissimo
1779 1951 2076 2029 Domino
2133 1954 2484 2048 postulare
2539 1976 2680 2026 non
2734 1976 2970 2027 cessa-

825 2072 1111 2161 himus3
1165 2088 1375 2168 atque
1456 2077 1778 2149 omnibus
1851 2076 2240 2149 catholicae
2275 2078 2282 2086 '
2323 2072 2686 2148 Ecclesiae
2767 2074 2964 2159 filiis,

824 2196 959 2272 hac
1016 2215 1299 2288 precum
1338 2198 1670 2271 socictate
1709 2194 2084 2271 Nobiscum
2121 2198 2550 2282 coniunctis,
2591 2198 2772 2269 haec
2811 2200 2966 2290 ipsa

824 2316 1011 2395 bona
1066 2340 1107 2389 a
1157 2313 1366 2391 Patre
1429 2319 2074 2391 misericordiarum
2128 2315 2272 2392 Nos
2356 2320 2718 2391 cumulate
2775 2340 2970 2391 asse·

826 2448 1113 2511 cuturos
1168 2460 1325 2511 esse
1380 2438 1823 2513 confidimus.
1869 2436 1976 2511 Ad
2031 2440 2342 2513 faustum
2397 2442 2664 2511 interea
2715 2450 2794 2511 et
2851 2460 2972 2511 sa·

831 2555 1125 2633 lutarem
1206 2557 1413 2634 huius
1500 2560 1722 2631 sancti
1804 2555 2048 2656 Operis
2139 2562 2450 2635 fructum
2533 2558 2624 2632 sit
2695 2582 2968 2655 auspex

829 2681 1139 2755 omnium
1192 2683 1567 2774 gratiarum
1622 2683 2073 2775 omniumque
2111 2685 2526 2756 caelestium
2579 2703 2970 2754 munerum

826 2796 1231 2893 Apostolica
1288 2797 1727 2888 Benedictio,
1783 2825 1995 2896 quam
2051 2804 2251 2877 vobis
2309 2805 2662 2888 omnibus,
2723 2799 2968 2878 Vene-

828 2926 1087 3004 rabiles
1144 2917 1454 3006 Fratres,
1510 2935 1591 2996 et
1640 2919 1874 3004 Vobis,
1931 2922 2180 2998 Dilecti
2235 2922 2423 3008 Filii,
2481 2937 2840 3019 quotquot
2883 2927 2964 2997 iu

828 3045 1187 3125 catholiea
1264 3041 1587 3120 Ecclesia
1656 3045 2040 3120 censemini
2113 3069 2209 3122 ex
2260 3046 2510 3120 intimo
2563 3047 2780 3120 corde
2833 3047 2968 3120 de-

827 3177 1221 3264 promptam
1277 3179 1718 3258 peramanter
1774 3169 1853 3238 in
1904 3164 2204 3240 Domino
2267 3168 2734 3260 impertimus.

1032 3285 1296 3362 Datum
1352 3283 1613 3362 Romae
1667 3290 1854 3383 apud
1921 3287 1996 3362 S.
2055 3285 2344 3362 Petrum
2407 3291 2528 3362 die
2579 3289 2966 3365 vicesima·-

824 3423 1079 3508 quarta
1132 3406 1543 3484 Decembris
1599 3406 1803 3487 Anno
1858 3405 2484 3486 MDCCCLxxtv.

848 3585 875 3592 ”
1366 3586 1393 3707 “.
1442 3630 1509 3726 ς
1588 3633 1800 3720 1³1vs
1853 3635 1994 3716 PP.
2056 3636 2178 3722 ix.

986 3925 1131 4003 Non
1170 3929 1277 3999 aba
1315 3947 1383 3998 rc
1414 3929 1688 4017 profecto
1727 3925 1850 3996 crit
1888 3925 2022 3997 heic
2065 3927 2291 3998 addere
2319 3927 2693 4016 Encyclicas
2719 3931 2920 3999 Litte-

862 4045 1063 4096 ras-s.
1088 4050 1174 4094 m.
1204 4027 1433 4094 honis
1472 4025 1641 4106 XII,
1681 4027 1907 4110 quibus
1943 4030 2027 4090 ad
2063 4037 2260 4091 totum
2297 4030 2502 4092 orbem
2539 4027 2920 4093 catholicum

848 4123 1177 4206 ,protendit
1238 4121 1589 4207 Iubilaeum
1636 4143 1938 4206 maqnum
1983 4143 2095 4201 αῃ.
2137 4121 2319 4219 1β25.
2361 4123 2614 4188 Etenim
2655 4123 2780 4190 SS.
2827 4123 2912 4188 D.

868 4215 950 4282 N.
987 4212 1147 4283 Pius
1192 4213 1290 4282 IX
1332 4215 1516 4282 iussit
1560 4237 1662 4280 cas
1701 4215 1930 4280 iterum
1967 4214 2068 4279 cdi
2107 4215 2422 4282 occasione
2467 4216 2735 4282 lubilact'
2771 4239 2816 4281 a
2853 4239 2916 4282 se

854 4307 1095 4374 ‘indicti
1121 4315 1389 4374 vertente
1430 4325 1625 4391 anno,
1657 4313 1728 4375 ut
1753 4327 1956 4373 omnes
1982 4307 2281 4393 Episcopi
2306 4310 2518 4376 utilem
2544 4311 2620 4374 ab
2646 4311 2736 4375 cis
2759 4331 2915 4378 nor-

862 4423 1029 4470 mam
1066 4404 1345 4489 capiant.
1436 4462 1477 4478 ,„
1522 4460 1531 4476 ,
