3292 5275
872 620 1191 713 superius
1272 623 1639 705 sancitam,
1698 624 1930 695 statim
1987 622 2072 693 ab
2129 636 2419 715 accepto
2485 632 2672 693 certo
2737 626 2990 699 nuntio

874 740 1215 815 demortui
1271 736 1633 815 Pontificis
1673 763 2092 836 suspensum
2147 744 2302 835 ipso
2341 743 2494 815 iure
2533 743 2991 837 intelligatur,

872 872 945 931 ct
1002 859 1259 933 tamdiu
1316 862 1637 947 dilatum,
1693 862 1922 935 donec
1975 856 2218 935 Novus
2275 858 2596 933 Pontifex
2651 866 2992 939 canonice

870 980 1135 1056 electus
1179 982 1363 1053 illud
1418 983 1758 1057 reassumi
1815 992 1886 1053 et
1943 981 2343 1055 continuari
2401 980 2708 1053 iusserit.

1083 1097 1493 1177 Praesentes
1524 1112 1762 1177 autem
1784 1098 2092 1175 Litteras
2119 1121 2394 1195 semper
2426 1101 2726 1188 validas,
2749 1100 2990 1176 firmas

873 1230 945 1293 et
999 1220 1313 1295 efficaces
1393 1221 1688 1297 existere
1741 1234 1815 1296 et
1889 1222 2068 1311 fore,
2117 1241 2420 1315 suosque
2506 1222 2862 1312 plenarios
2917 1236 2994 1297 et

876 1342 1181 1433 integros
1256 1340 1541 1415 effectus
1618 1344 1866 1417 sortiri
1924 1352 1995 1415 et
2051 1340 2400 1427 obtinere,
2456 1362 2536 1411 ac
2593 1342 2786 1413 nullo
2839 1362 2998 1415 um-

873 1482 1079 1555 quam
1162 1472 1472 1552 tempore
1526 1484 1613 1534 ex
1664 1482 2106 1557 quocumque
2183 1462 2442 1553 capite,
2499 1471 2622 1531 aut
2688 1460 2996 1555 qualibet

874 1601 1085 1653 causa
1140 1580 1227 1653 de
1280 1581 1789 1673 subreptioniS,
1827 1584 1948 1656 vel
1987 1580 2448 1675 obreptioniS,
2489 1600 2612 1653 seu
2655 1581 2996 1656 nullitatis

875 1704 1078 1788 vitio,
1161 1706 1275 1779 vel
1358 1704 1768 1779 intentionis
1845 1702 2172 1791 Nostrae,
2233 1706 2348 1777 vel
2421 1705 2561 1777 alio
2631 1706 2995 1799 quopiam,

875 1825 1345 1917 quamtumvis
1402 1824 1851 1900 substantiali
1907 1826 2383 1920 inexcogitato
2438 1836 2510 1896 et
2564 1824 3000 1921 inexcogita-

876 1944 1029 2033 bili,
1066 1966 1148 2017 ac
1186 1945 1577 2041 specificam
1633 1955 1708 2017 et
1762 1946 2197 2021 individuam
2247 1944 2676 2019 mentionem
2709 1958 2838 2020 aut
2877 1968 2999 2019 ex·

876 2067 1307 2159 pressionem
1360 2068 1792 2160 requirente,
1860 2066 2166 2149 defectu,
2224 2080 2350 2138 aut
2403 2086 2492 2139 ex
2555 2086 2998 2161 quocumque

876 2186 1017 2259 alio
1068 2188 1301 2279 capite
1354 2209 1399 2260 a
1450 2187 1598 2257 iure
1657 2198 1950 2271 statute,
2023 2189 2140 2259 vel
2197 2208 2634 2280 quocumque
2711 2200 2998 2281 praete-

878 2316 1035 2394 xtu,
1066 2307 1369 2391 ratione,
1396 2321 1521 2383 aut
1557 2329 1768 2381 causa
1821 2308 2296 2402 quamtumvis
2341 2306 2491 2394 tali,
2521 2328 2700 2401 quae
2747 2307 2838 2381 ad
2893 2311 3002 2380 ef-

878 2430 1143 2501 fectum
1178 2426 1563 2501 validitatis
1600 2428 2134 2522 praemissorum
2175 2426 2568 2501 necessario
2608 2428 3002 2522 exprimen-

878 2546 971 2620 da
1016 2549 1196 2620 foret
1226 2597 1247 2634 ,
1295 2549 1577 2635 notari,
1636 2546 2076 2643 impugnari,
2138 2548 2512 2642 redargui,
2573 2547 2946 2621 invalidari
2977 2597 2998 2635 ,

879 2671 1279 2754 retractari,
1310 2670 1385 2742 in
1438 2670 1549 2744 ius
1605 2670 1722 2743 vel
1777 2669 2343 2751 controversiam
2395 2667 2712 2742 revocari
2765 2690 3004 2761 posse3

881 2810 1109 2883 neque
1162 2791 1443 2864 easdem
1497 2801 1908 2883 praesentes
1937 2789 2064 2862 sub
2093 2789 2474 2884 quibusvis
2529 2786 2856 2862 similium
2884 2791 3000 2862 vel

880 2909 1315 2984 dissimilium
1365 2910 1910 3003 dispositionum
1983 2909 2580 2992 revocationibus,
2637 2910 3003 2984 limitatio-

882 3030 1119 3116 nibuS,
1148 3031 1818 3114 modificationibus,
1879 3031 2486 3124 derogationibu8‚
2519 3030 2653 3104 sub
2707 3030 3004 3126 quibus-

882 3170 1176 3246 cumque
1234 3153 1605 3224 verborum
1663 3151 2028 3225 tenoribus
2081 3163 2154 3223 et
2201 3151 2470 3236 formiS,
2499 3172 2580 3222 ac
2635 3171 2794 3225 cum
2847 3149 3008 3248 qui-f
3119 3177 3124 3180 ·

882 3269 1125 3343 busvis
1176 3271 1511 3344 clausulis
1566 3283 1643 3342 et
1695 3271 2024 3354 decretis,
2059 3272 2332 3343 etiamsi
2393 3273 2470 3344 in
2529 3271 2634 3344 eis
2672 3270 2759 3343 de
2812 3267 3004 3346 hisce

885 3393 1405 3484 praesentibuS,
1463 3412 1849 3485 earumque
1908 3402 2056 3464 toto
2085 3402 2338 3465 tenore
2369 3413 2450 3461 ac
2476 3391 2634 3462 data
2687 3390 3005 3484 specialis

880 3513 1149 3586 mentio
1202 3509 1429 3598 fleret,
1462 3533 1585 3606 pro
1642 3523 1957 3604 tempore
2015 3510 2224 3584 factis
2281 3523 2354 3584 et
2409 3510 2754 3584 concessis
2783 3531 2868 3582 ac
2899 3511 3008 3584 fa-

882 3632 1153 3706 ciendis
1208 3645 1281 3706 et
1336 3632 1800 3705 concedendis
1855 3631 2395 3724 comprehendi3
2421 3631 2546 3704 sed
2593 3651 2877 3724 semper
2931 3645 3006 3704 et

884 3752 1165 3826 omnino
1218 3753 1309 3824 ab
1364 3752 1501 3823 illis
1556 3750 1782 3845 excipi
1837 3751 2093 3824 debere
2151 3763 2368 3844 atque
2419 3772 2506 3824 ex
2559 3771 2749 3826 nunc
2802 3750 3010 3844 quid,-

881 3869 1049 3968 quid
1102 3881 1347 3946 contra
1382 3871 1789 3962 praemissa,
1823 3865 2230 3964 Apostolica
2261 3865 2444 3942 Sede
2473 3881 2793 3954 vacante,
2832 3891 3008 3964 qua·

884 3992 997 4064 vis
1025 3993 1443 4064 auctoritate
1498 3991 1712 4062 etiam
1767 3990 2133 4063 memorati
2171 3987 2471 4064 Concilii
2503 3983 2856 4073 Vaticani,
2888 3991 3006 4063 vel

887 4110 1177 4200 alterius
1260 4111 1768 4203 cuiuscumque
1853 4109 2108 4184 futuris
2193 4109 2626 4206 temporibus
2706 4105 3006 4182 Concilii

887 4225 1364 4319 oecumenici,
1392 4231 1561 4304 licet
1610 4231 1700 4302 de
1759 4231 2068 4304 unanimi
2097 4251 2446 4306 consensu
2475 4231 3006 4323 hodiernorum,
3049 4279 3058 4286 -
