3292 5275
2260 474 2409 559 113

291 636 372 697 ut
425 623 514 697 ad
589 640 748 696 eam
804 618 1243 695 sarciendam
1324 619 1771 693 incumberet
1826 613 2229 711 Apostoliea
2282 614 2411 693 Se-

285 746 444 841 des,
487 760 616 835 pro
653 762 782 815 suo
839 741 1066 815 officio
1106 759 1286 834 opus
1323 750 1502 813 erat.
1559 736 1690 811 Cui
1732 739 1975 811 'officio
2027 759 2197 812 sane
2252 762 2415 831 gra-

289 866 586 939 vissimo
641 882 996 956 nunquam
1035 863 1156 933 illa
1197 857 1420 934 defuit
1445 909 1468 946 ‚
1507 859 1679 933 licet
1716 860 1828 932 ob
1859 860 2179 934 =adversa
2238 870 2415 935 tcm-

289 1004 538 1077 porum
591 992 664 1056 et
717 983 1026 1057 locorum
1111 981 1438 1054 adiuncta
1515 981 1797 1053 nonnisi
1880 982 2409 1054 occurrentibus

292 1105 842 1179 necessitatibus
897 1100 1272 1177 consulere
1321 1100 1626 1195 potuerit
1660 1150 1683 1187 ,
1740 1102 2066 1194 aequiora
2122 1103 2409 1175 interim

289 1238 672 1318 expectans
707 1232 1054 1316 tempora,
1094 1245 1276 1317 quae
1313 1224 1701 1295 miserante
1740 1218 1889 1293 Deo
1944 1223 2225 1295 tandem
2282 1223 2412 1295 ali-

289 1344 572 1439 qnando
627 1344 1100 1434 advenerunt.
1160 1340 1518 1436 Siquidem
1575 1342 2228 1434 praedecessoribus
2274 1339 2411 1415 No-

291 1468 450 1538 stris
507 1462 744 1538 Leone
800 1458 932 1535 XII
987 1476 1062 1537 et
1116 1451 1442 1536 Pio‘vnl
1496 1464 1940 1553 urgentibnS,
1995 1472 2067 1536 et
2122 1464 2433 1537 cathon--

289 1585 390 1658 cis
443 1581 778 1659 Austriae
832 1606 916 1657 ae
967 1580 1362 1656 Galliarum
1415 1583 1700 1653 summis
1757 1583 2195 1674 principibus
2250 1606 2411 1659 eoa-

290 1707 754 1779 diuvantibus
787 1753 808 1789 ‚
865 1704 1295 1777 celsissimus
1371 1698 1881 1789 Othomanicus
1956 1701 2346 1798 Imperator
2381 1756 2407 1793 ,

288 1828 522 1917 agnito
576 1824 980 1898 discrimine
1035 1825 1226 1918 quod
1279 1834 1390 1897 est
1445 1826 1822 1899 catholicos
1878 1825 2065 1898 inter
2118 1836 2191 1897 et
2246 1825 2409 1899 hae-

288 1946 540 2019 reticos
572 1995 595 2031 ‚
651 1946 804 2019 iilos
869 1945 956 2017 ab
1024 1946 1280 2019 horum
1339 1946 1533 2017 civili
1601 1954 1957 2036 potestate
2012 1945 2407 2034 subduxit3

283 2085 542 2159 eosque
601 2087 808 2141 suum
863 2087 994 2159 pro
1047 2087 1250 2139 more
1305 2067 1614 2156 regionis
1670 2064 1877 2138 civile
1912 2112 1932 2148 ,
1989 2066 2095 2137 uti
2150 2066 2349 2139 aiunt
2380 2116 2403 2153 ,

292 2197 500 2278 eaput
553 2206 678 2257 seu
736 2183 1180 2259 Praefectum
1242 2186 1502 2259 habere
1559 2186 1898 2259 decrevit.
1959 2182 2191 2258 Licuit
2259 2198 2407 2259 tum

283 2308 612 2397 primum,
665 2302 984 2380 Armenii
1041 2308 1220 2379 ritus
1275 2301 1669 2398 Episcopos
1726 2306 2071 2377 ordinaria
2126 2307 2405 2400 pollens-

283 2436 390 2497 tes
441 2428 866 2499 auctoritate
917 2422 1532 2518 Constantinopoli
1593 2436 1748 2498 tuto
1804 2429 2236 2499 constituere
2250 2448 2276 2516 3
2314 2430 2405 2501 li-

280 2548 434 2619 cuit
487 2546 864 2620 catholicas
918 2546 1239 2619 eiusdem
1320 2546 1500 2619 ritus
1579 2548 1914 2629 ecclesias
1968 2549 2275 2620 excitare
2330 2561 2404 2622 et

280 2667 694 2746 catholicum
735 2671 1006 2744 cultum
1044 2669 1324 2762 publice
1363 2667 1687 2761 profiteri
1724 2681 1797 2745 et
1826 2688 2187 2758 exercere3
2214 2668 2407 2742 ideo-

279 2809 423 2882 que
479 2790 596 2861 fel.
656 2811 798 2865 ree.
859 2783 1032 2862 Pius
1069 2783 1230 2860 vul
1288 2790 1783 2881 praedecessor
1836 2785 2089 2862 Noster
2142 2792 2407 2882 prima-

279 2909 524 2980 tialem
578 2919 652 2980 et
703 2910 1360 3003 archiepiscopalem
1417 2907 1911 2989 Armeniorum
1956 2911 2186 2985 sedem
2224 2908 2405 2986 Con-

279 3030 742 3121 stantinopoli
797 3031 1022 3102 erexit
1087 3021 1226 3127 (1),
1295 3029 1642 3107 sollicitus
1698 3051 1915 3124 quam
1976 3031 2269 3104 maxime
2326 3041 2407 3105 ut

277 3152 619 3223 canoniea
672 3150 1042 3242 disciplina
1119 3161 1285 3242 apte
1337 3159 1415 3222 et
1471 3161 1869 3242 opportune
1946 3150 2019 3222 in
2073 3171 2157 3222 ea
2221 3150 2407 3224 efflo-

277 3281 614 3350 resceret..
1756 3291 1769 3300 ·

381 3383 512 3463 22.
570 3387 740 3464 Post
794 3392 1158 3465 nonnullos
1217 3411 1472 3476 annoS,
1527 3389 1651 3464 ubi
1708 3391 2011 3482 primum
2064 3393 2414 3484 expedire

277 3513 518 3590 visum
571 3525 718 3600 est,
745 3513 1186 3604 episcopale-s
1223 3512 1434 3596 sedes
1491 3511 1875 3604 primatiali
1914 3507 2405 3588 Constantino·

275 3634 638 3724 politanae
697 3632 1058 3708 subiectae
1113 3655 1156 3705 a
1211 3627 1428 3704 Nobis
1483 3625 1598 3733 (2)
1651 3643 1925 3706 erectae
1980 3644 2197 3714 sunt,
2250 3644 2403 3708 tum

277 3753 653 3826 methodus
725 3754 803 3824 in
885 3755 1232 3826 electione
1286 3750 1805 3846 Episcoporum
1864 3753 2215 3826 servanda
2277 3754 2405 3828 fuit

276 3871 675 3966 praefinita.
715 3871 989 3948 Deinde
1039 3896 1126 3948 ne
1163 3875 1426 3966 civilis,
1469 3875 1574 3946 uti
1624 3875 1855 3960 aiunt,
1892 3870 2235 3946 Praefecti
2276 3897 2407 3968 po-

273 4002 494 4064 testas
506 4043 532 4080 ,
586 3994 775 4087 quod
827 3995 916 4066 ab
953 3988 1316 4067 Ecclesiae
1371 3994 1765 4068 catholicae
1818 3991 2089 4084 legibus
2146 3992 2407 4069 abhor-

435 4200 518 4285 (1)
559 4202 952 4285 Apostolicis
997 4205 1229 4269 litteris
1295 4203 1480 4280 Quod
1519 4199 1766 4268 iamdiu
1811 4202 1854 4269 6
1901 4201 2050 4268 Iulii
2094 4196 2275 4272 1830.

433 4293 516 4378 (2)
559 4295 950 4380 Apostolicis
995 4300 1254 4378 litteris,
1309 4297 1632 4364 Universis
1686 4296 2009 4364 Dominio-i
2046 4299 2260 4381 μερίς
2296 4299 2401 4364 die

267 4387 355 4458 30
395 4390 642 4472 Aprilis
679 4387 862 4459 1850.
1977 4447 2029 4580 ,8
2097 4446 2105 4455 .
