3292 5275
813 514 922 597 22

813 648 1184 745 dulgentiis
1240 649 1330 725 ad
1385 651 1642 733 instar,
1680 670 1761 721 ac
1808 639 2405 743 quorumcumque
2440 643 2808 735 ordinum,
2844 656 2921 720 et

810 760 1460 867 congregationum,
1503 768 1656 843 sive
1709 763 2183 842 Institutorum
2234 766 2445 841 etiam
2495 764 2915 852 iuramento,

811 892 1334 966 confirmatione
1388 885 1823 982 Apostolica‚
1880 890 1999 964 vel
2078 888 2329 983 quavis
2405 886 2723 959 firmitate
2779 886 2917 961 alia

809 1010 1185 1097 roboratis,
1216 1008 1496 1083 statutis
1547 1020 1620 1082 et
1673 1007 2317 1097 consuetudinibus,
2342 1005 2719 1102 privilegiis
2745 1028 2919 1101 quo-

807 1154 946 1229 que
999 1132 1313 1215 indultis,
1351 1139 1426 1202 et
1477 1124 1768 1203 Litteris
1822 1123 2251 1222 Apostolicis
2307 1128 2569 1201 eisdem
2622 1122 2917 1200 Ordini-

806 1254 969 1339 bus,
1007 1248 1700 1343 Congregationibus‚
1730 1259 1804 1322 et
1856 1245 2226 1336 Institutis,
2282 1247 2699 1343 illorumque
2755 1270 2919 1342 per-

807 1374 996 1449 sonis
1064 1370 1587 1468 quomodolibet
1661 1368 2036 1457 concessis,
2091 1369 2521 1464 approbatis,
2572 1381 2648 1443 et
2706 1370 2915 1444 inno-

807 1495 1028 1584 vatis3
1081 1492 1338 1588 quibus
1411 1490 1736 1565 omnibus
1788 1500 1862 1563 et
1916 1488 2199 1582 singulis
2280 1488 2551 1563 etiamsi
2604 1490 2693 1565 de
2746 1491 2912 1575 illis,

805 1634 1188 1709 eorumque
1241 1612 1409 1685 totis
1461 1610 1853 1695 tenoribus,
1880 1610 2231 1705 specialis,
2260 1608 2606 1706 specifica,
2634 1632 2917 1705 expres-

806 1757 884 1809 sa
939 1745 1012 1809 et
1065 1732 1458 1817 individua,
1501 1751 1645 1804 non
1702 1743 1941 1805 autem
1994 1751 2117 1823 per
2153 1730 2501 1807 clausulas
2554 1735 2913 1828 generales

807 1856 994 1931 idem
1047 1857 1532 1948 imponantes,
1587 1850 1876 1937 mentio,
1910 1872 2035 1925 seu
2091 1852 2225 1925 alia
2270 1854 2571 1944 quaevis
2623 1875 2914 1949 expres-

804 1978 912 2051 sio
961 1975 1285 2051 habenda
1337 1974 1478 2047 alia
1533 1974 1769 2068 aliqua
1816 1972 2165 2067 exquisita
2221 1975 2445 2047 forma
2472 1975 2563 2048 ad
2600 1974 2735 2049 boc
2762 1998 2915 2051 ser-

807 2098 1044 2172 vanda
1095 2094 1301 2180 foret,
1337 2093 1622 2169 illorum
1678 2104 1955 2167 tenores
2011 2093 2490 2187 praesentibus
2545 2117 2669 2189 pro
2722 2099 2913 2169 suffi-

801 2216 1062 2292 cienter
1112 2214 1492 2309 expressis,
1521 2233 1606 2287 ac
1655 2211 1945 2287 formam
1981 2216 2056 2287 in
2093 2211 2179 2286 iis
2216 2214 2545 2287 traditam
2596 2237 2725 2311 pro
2762 2237 2914 2291 ser-

801 2348 974 2413 vata
1039 2336 1408 2418 habentes,
1461 2334 1591 2406 liac
1645 2334 1805 2407 vice
1858 2332 2280 2426 specialiter,
2338 2334 2781 2422 nominatim,
2837 2346 2910 2410 ct

805 2454 1148 2554 expresse
1178 2456 1267 2529 ad
1319 2452 1644 2529 effectum
1709 2454 2247 2546 praemissorum
2298 2454 2733 2546 derogamus,
2788 2478 2911 2531 ce-

807 2580 1122 2675 terisque
1175 2576 1549 2652 contrariis
1603 2574 2176 2670 quibuscumque.

1015 2695 1494 2794 Praecipimus
1546 2707 1807 2783 autern,
1835 2719 1878 2770 a
1932 2709 2473 2772 commemorato
2528 2699 2641 2772 die
2690 2702 2911 2794 primo

805 2817 988 2896 lunii
1043 2839 1270 2914 usque
1325 2820 1414 2891 ad
1466 2818 1683 2903 diem,
1731 2839 1875 2914 quo
1928 2813 2395 2892 oecumenica
2446 2815 2771 2914 Synodus
2824 2821 2914 2895 fi-

805 2962 970 3015 nem
1020 2939 1346 3014 habuerit
1399 2938 1492 3012 ab
1543 2939 1869 3014 omnibus
1934 2939 2249 3014 universi
2322 2939 2647 3015 catholici
2698 2937 2911 3017 Orbis

802 3062 1168 3156 utriusque
1220 3057 1408 3134 Cleri
1461 3055 1948 3134 Sacerdotibus
2000 3060 2317 3154 quotidie
2372 3059 2531 3134 addi
2568 3063 2643 3135 in
2696 3058 2910 3137 Missa

805 3183 1194 3259 orationem
1246 3182 1334 3253 de
1385 3175 1649 3273 Spiritu
1702 3176 1991 3268 Sancto,
2048 3181 2274 3276 deque
2328 3181 2575 3256 eodem
2652 3178 2909 3258 Sancto
3008 3175 3017 3182 ’

805 3299 1072 3397 Spiritu
1127 3299 1472 3385 divinum,
1503 3310 1788 3392 praeter
1820 3312 2231 3376 consuetam
2268 3296 2551 3376 Missam
2584 3298 2913 3376 Conven-

803 3425 1102 3509 tualem,
1151 3415 1592 3496 Sacrificium
1655 3420 1808 3494 fieri
1862 3423 1937 3494 in
2002 3422 2325 3496 omnibus
2405 3423 2619 3498 huius
2698 3419 2909 3498 Urbis

803 3538 1434 3630 patriarchalibus,
1487 3538 1785 3636 aliisque
1861 3538 2211 3628 Basilicis,
2264 3553 2339 3615 et
2412 3537 2909 3637 Collegialibus

804 3655 1134 3734 Ecclesiis
1165 3707 1188 3744 ,
1267 3682 1400 3734 nec
1451 3681 1594 3734 non
1652 3663 1726 3734 in
1780 3663 2051 3737 cunctis
2118 3662 2331 3736 totius
2404 3664 2595 3738 orbis
2652 3661 2909 3739 Cathe-

803 3781 1108 3853 dralibus
1160 3793 1232 3856 et
1269 3776 1673 3877 Collegiatis
1726 3779 2059 3857 Ecclesiis
2096 3784 2186 3855 ab
2220 3805 2457 3858 earum
2510 3779 2905 3871 Canonicis,

803 3911 1017 3995 atque
1060 3902 1274 3974 etiam
1309 3903 1384 3974 in
1419 3901 1709 3994 singulis
1762 3903 2095 4000 cuiusque
2130 3901 2525 3996 Religiosae
2569 3899 2909 3979 Familiae

803 4015 1144 4095 Ecclesiis
1206 4018 1684 4116 Regularium,
1720 4025 1843 4121 qui
1876 4020 2440 4099 conventualem
2474 4020 2762 4099 Missam
2795 4047 2913 4099 ce-

802 4140 1079 4214 lebrare
1131 4150 1457 4220 tenentur
1482 4193 1505 4230 ,
1568 4146 1749 4217 feria
1801 4165 2084 4241 quaque
2132 4145 2402 4240 quinta,
2466 4167 2607 4241 qua
2660 4143 2909 4220 festum

803 4260 1066 4357 duplex
1117 4259 1381 4359 primae
1431 4275 1506 4340 et
1537 4266 1882 4343 secundae
1936 4265 2177 4342 classis
2229 4285 2373 4342 non
2424 4279 2698 4361 agatur,
2736 4269 2907 4364 quin
