3292 5275
2316 503 2413 587 13

295 648 618 723 solatium
676 644 1228 721 tribulationibus
1283 658 1499 739 atque
1558 647 1931 737 angustiis,
1968 646 2223 740 quibus
2278 667 2417 720 un·-

295 769 508 862 dique
566 768 972 863 premimur,
1027 768 1452 855 attulerunt3
1507 766 2081 861 quandoquidem
2134 778 2207 839 et
2256 764 2417 839 exi-

295 890 520 963 mium
576 886 918 981 praedicti
967 881 1146 960 Ven.
1187 882 1306 991 Fr.
1346 883 1622 980 losephi
1678 880 2133 960 patriarchae
2184 888 2418 961 zelum

297 1010 372 1079 in
427 1008 870 1102 procuranda
909 1008 1260 1081 commissi
1298 1006 1428 1078 sibi
1469 1005 1697 1100 gregis
1752 1006 2088 1092 utilitate,
2144 1017 2217 1079 et
2270 1006 2421 1080 sin-

299 1130 617 1218 gularem
670 1147 836 1218 erga
891 1122 1034 1201 Nos
1089 1126 1296 1198 fidem
1353 1147 1438 1198 ae
1493 1126 1949 1199 devotionem
2002 1129 2427 1221 praesefere-

298 1249 496 1336 bant3
553 1248 902 1342 simulque
960 1258 1190 1321 tutam
1245 1246 1657 1319 sternebant
1710 1245 1929 1332 viam,
1992 1268 2137 1341 qua
2188 1250 2423 1321 ecole-

300 1366 625 1441 siasticae
681 1365 1094 1460 disciplinae
1133 1365 1347 1439 decus
1385 1378 1455 1437 et
1489 1366 1695 1457 vigor
1732 1367 1802 1439 in
1841 1366 2183 1439 catholiea
2218 1363 2426 1441 Chal·

300 1490 640 1562 dacorum
692 1483 1012 1560 Ecclesia
1067 1486 1577 1560 refloresceret.
1633 1480 1880 1581 Neque
1936 1488 2087 1559 eius
2140 1486 2425 1561 deside·-

304 1611 410 1683 rio
468 1630 551 1683 ac
588 1609 808 1693 votis,
847 1619 1194 1701 quantum
1231 1602 1576 1681 Dominus
1611 1607 2061 1695 concesserit,
2118 1630 2425 1704 unquam

303 1730 688 1818 deerimus;
741 1749 963 1823 neque
1019 1748 1310 1822 operam
1349 1723 1698 1814 Nostram,
1754 1730 1943 1823 quod
1996 1740 2068 1802 et
2100 1724 2317 1803 Nobis
2353 1740 2429 1804 et

304 1844 969 1923 praedecessoribus
1035 1844 1316 1923 Nostris
1391 1850 1701 1922 solemne
1767 1870 2041 1943 semper
2115 1850 2289 1936 fuit,
2352 1852 2425 1924 in

305 1982 494 2043 recta
545 1965 1014 2043 Orientalium
1051 1964 1538 2044 Ecclesiarnm
1591 1969 2032 2047 ordinatione
2086 1970 2393 2045 constitu

301 2092 480 2163 enda
533 2112 834 2185 unquam
885 2091 1286 2164 desiderari·
1325 2092 1697 2182 patiemur.

518 2207 702 2286 Cum
781 2212 1020 2307 itaque
1085 2206 1518 2306 Episcopalis
1572 2208 1905 2286 Ecclesia
1960 2206 2427 2287 Mardinensis

305 2324 848 2417 Chaldaeorum,
884 2354 1006 2425 per
1034 2332 1306 2405 obitum
1334 2325 1513 2403 Ven.
1548 2326 1669 2403 Fr.
1696 2328 1951 2424 Ignatii
1981 2327 2279 2418 Deestu,
2310 2334 2429 2406 ul-
2486 2322 2493 2330 ’

307 2452 462 2525 timi
515 2452 828 2525 eiusdem
883 2447 1250 2545 Episcopi,
1282 2455 1655 2527 vacaverit
1710 2464 1783 2526 et
1836 2464 2043 2527 vacet
2096 2452 2169 2526 in
2224 2474 2431 2547 prae-

309 2594 500 2662 sens;
551 2593 854 2669 eumque
910 2576 1262 2669 praefatus
1316 2569 1498 2647 Ven.
1541 2570 1659 2648 Fr.
1720 2570 2059 2669 Iosephus
2113 2569 2431 2649 Patriar-

309 2696 444 2769 cha
499 2694 874 2772 nonnullos
939 2697 1370 2782 sacerdotes,
1427 2718 1606 2791 quos
1672 2697 1769 2770 illi
1836 2696 2143 2770 dioecesi
2179 2697 2432 2792 guber·-

311 2817 585 2890 nandae
639 2815 926 2890 idoneos
967 2817 1394 2902 aestimavit,
1431 2817 1536 2890 uti
1573 2818 1905 2912 superius
1960 2816 2257 2893 relatum
2292 2829 2429 2904 est,

311 2933 528 3012 Nobis
566 2939 1038 3034 proposuerit,
1079 2957 1226 3010 rem
1263 2939 1676 3012 universam
1712 2937 2243 3031 diligentissime
2280 2959 2435 3032 per-

311 3059 752 3152 pendendam
791 3059 1272 3133 commisimus
1301 3055 2147 3134 Ven.FratribusNostris
2168 3055 2429 3134 S.R.E.

314 3176 804 3255 Cardinalibus
841 3177 1430 3272 Congregationis
1465 3181 1552 3253 de
1589 3173 2049 3274 Propaganda
2084 3177 2257 3254 Fide
2305 3201 2433 3276 pro

314 3301 620 3392 negotiis
660 3297 864 3373 Ritus
909 3297 1318 3374 Orientalis.
1375 3296 1697 3390 Quorum
1752 3301 1996 3375 audita
2049 3303 2431 3388 sententia,

313 3432 620 3493 mentem
676 3422 1124 3516 animumque
1189 3417 1520 3494 Nostrum
1585 3419 1677 3492 ad
1743 3415 1846 3493 Te
1900 3423 2373 3496 convertimus
2407 3469 2432 3508 ,

315 3560 524 3635 quem
560 3561 834 3614 morum
868 3542 1266 3628 honestate,
1308 3541 1713 3635 prudentia,
1744 3539 2213 3614 ecclesiastico
2250 3544 2437 3626 zelo,

317 3661 620 3756 aliisque
658 3663 1078 3736 necessariis
1113 3659 1396 3735 dotibus
1435 3661 1829 3756 praeditum
1872 3660 2060 3734 idem
2096 3654 2273 3734 Ven.
2312 3657 2433 3735 Fr.

317 3774 729 3855 Patriarcha
781 3777 1000 3856 Nobis
1054 3803 1200 3855 uua
1255 3801 1418 3857 cum
1471 3781 1632 3855 aliis
1706 3781 2114 3876 proposuit,
2170 3783 2439 3878 quique

317 3923 550 3995 nuper
603 3897 992 3997 Apostolici
1030 3897 1434 3976 Visitatoris
1487 3923 1783 3976 munere
1838 3903 1913 3974 in
1966 3902 2213 3976 cadem
2246 3896 2443 3975 Ami·

317 4019 520 4094 densi
574 4022 864 4097 civitate
919 4025 1220 4096 solerter
1251 4023 1649 4097 defunctus
1708 4024 1929 4097 fuisti.
1988 4017 2441 4117 Quapropter

319 4137 424 4216 Te
453 4164 496 4217 a
525 4143 896 4236 quibusvis
913 4145 1694 4230 excommunicationis,
1726 4145 2203 4237 suspensionis
2228 4152 2300 4217 et
2328 4143 2441 4218 in-

320 4261 630 4351 terdicti,
685 4265 982 4359 aliisque
1037 4265 1538 4339 ecclesiasticis
1577 4265 1925 4354 censuris,
1965 4266 2329 4340 sententiis
2364 4275 2441 4340 et

321 4383 570 4484 poenis
605 4385 856 4484 quovis
895 4385 1104 4464 modo
1141 4387 1257 4462 vel
1292 4387 1542 4484 quavis
1579 4385 1667 4461 de
1706 4405 1913 4462 causa
1939 4386 2131 4474 latis,
2163 4387 2223 4461 si
2259 4405 2441 4486 quas
