3292 5275
908 491 1057 579 m

902 642 975 713 ni
1032 640 1101 710 in
1154 633 1503 713 Domino:
1560 660 1640 711 ac
1667 640 1772 713 tin
1827 638 2108 709 nomine
2153 637 2389 731 ipbius
2440 627 2808 709 Trinitatis
2863 632 3001 708 Au·
3059 632 3068 639 ’

898 770 1163 853 gustae,
1218 758 1623 831 sanctificati
1682 760 1757 829 in
1813 758 2114 831 veritate
2169 747 2307 854 (1),
2365 755 2586 829 induti
2641 776 2830 829 arma
2883 758 3002 827 lu·-

902 880 1003 951 cis
1055 882 1301 953 docete
1356 873 1730 953 Nobiscum
1785 878 1976 950 viam
2031 876 2401 951 veritatem
2453 886 2528 947 et
2581 876 2800 947 vitam
2831 924 2855 959 ,Α
2907 876 2999 948 ad

896 1020 1104 1091 quam
1159 1011 1265 1073 tot
1319 1000 1573 1091 agitata
1628 998 1980 1069 aerumnis
2034 1012 2206 1088 gens
2277 992 2575 1067 humana
2643 996 2782 1066 iam
2855 1016 2999 1069 non

898 1119 1251 1212 adspirare
1292 1140 1429 1191 non
1468 1129 1720 1211 potest,
1757 1116 1922 1191 date
1975 1111 2352 1189 Nobiscum
2387 1133 2698 1209 operam,
2735 1124 2822 1189 ut
2855 1135 3000 1209 pax

894 1236 1150 1330 regnis,
1178 1241 1284 1312 lex
1322 1222 1662 1321 barbari&
1705 1236 2147 1311 monasteriis
2171 1237 2397 1330 quies,
2426 1232 2764 1309 Ecclesiis
2797 1236 3000 1319 onio,

894 1360 1167 1433 clericis
1220 1360 1617 1453 disciplina,
1659 1354 1808 1431 Deo
1863 1360 2166 1459 P⁰P¹llus
2219 1355 2664 1450 acceptabilis
2717 1358 2998 1429 restitui

894 1480 1120 1572 possit
1174 1473 1305 1577 (2).
1366 1474 1524 1551 Stat
1604 1474 1800 1552 Deus
1851 1478 1924 1549 in
1979 1479 2134 1551 loco
2183 1488 2428 1550 sancto
2487 1494 2618 1550 suo
2647 1524 2670 1561 ‚
2723 1470 2998 1551 Nostris

892 1601 1191 1674 interest
1242 1600 1555 1674 consiliis
1606 1610 1682 1671 et
1735 1598 2030 1683 actibuS‚
2087 1587 2267 1671 suos'
2301 1593 2459 1691 lpse
2511 1586 2870 1670 ministros
2923 1610 3000 1672 et

892 1719 1240 1794 adiutores
1297 1720 1317 1792 i
1324 1742 1365 1789 n
1420 1730 1564 1791 tam
1644 1720 1906 1793 eximio
1973 1716 2482 1791 misericordiae
2561 1736 2732 1791 suae
2785 1737 2998 1812 opere

892 1834 1034 1912 Nos
1089 1839 1371 1931 adlegit,
1430 1851 1639 1933 atque
1693 1840 1860 1912 huic
1895 1838 2304 1911 ministerio
2357 1838 2458 1911 ita
2513 1832 2654 1915 Nos
2709 1837 3002 1914 inservi·

890 1979 969 2030 re
1024 1970 1321 2055 oportet,
1378 1971 1459 2031 ut
1496 1956 1605 2032 lui
1644 1960 1852 2033 unice
1905 1960 2042 2032 hoc
2097 1968 2407 2051 tempore
2461 1962 2730 2031 mentes
2783 1958 2998 2031 corda

890 2080 1079 2151 vires
1132 2098 1639 2153 consecremus.
2511 2070 2520 2082 ’

1154 2194 1293 2273 Sed
1348 2210 1633 2274 nostrae
1667 2199 2098 2273 infirmitatis
2135 2201 2438 2283 conscii,-
2483 2195 2756 2273 Nostris
2793 2199 2995 2275 diffisi

888 2318 1177 2403 viribuS,
1236 2319 1321 2391 ad
1376 2316 1480 2393 Te
1518 2322 1854 2396 levamus
1887 2342 2048 2395 cum
2101 2310 2684 2405 fiducia-'oculoffi
2718 2326 3002 2414 preces-

888 2459 1030 2533 que
1110 2440 1587 2515 convertimus
1642 2464 1686 2515 o
1742 2437 1992 2513 Divinc
2073 2438 2376 2535 Spiritus
2409 2488 2436 2522 ‚
2489 2436 2597 2513 Tu
2652 2440 2806 2515 fons
2859 2462 3000 2515 ve-

880 2580 1009 2631 rae
1062 2560 1240 2633 lucis
1292 2571 1363 2633 et
1413 2562 1792 2655 sapientiae
1851 2563 2132 2637 divinae
2181 2557 2381 2635 Tuae
2433 2552 2699 2658 gratiae
2755 2550 2996 2637 luinen

887 2680 1160 2774 praefer
1210 2681 1561 2756 mentibus
1614 2679 1886 2757 Nostris
1913 2731 1934 2768 ,
1991 2693 2074 2757 ut
2125 2705 2209 2756 ea
2261 2700 2446 2776 quae
2510 2695 2702 2756 recta
2727 2731 2750 2768 ,
2804 2705 2992 2778 quae

886 2802 1243 2885 salutaria,
1297 2809 1485 2897 quae
1536 2803 1802 2894 optima
1859 2813 2020 2875 sunt
2071 2803 2500 2890 videamua;
2547 2797 2778 2876 Corda
2831 2823 2996 2896 rege

886 2923 1050 2994 fove
1102 2921 1347 3012 dirige,
1394 2929 1475 2996 ut
1498 2923 1726 2998 huius
1779 2919 2072 2997 Concilii
2101 2924 2438 2998 actiones
2491 2922 3000 2997 rito-inchoen-

886 3053 1033 3124 tur,
1090 3061 1423 3136 prospere
1479 3055 2057 3136 promoveantur,-
2109 3046 2484 3117 salubriter
2519 3037 2993 3138 perficiantur.

1056 3163 1065 3178 '
1151 3155 1259 3236 Tu
1296 3183 1469 3234 vero
1506 3159 1730 3238 Mater
1768 3167 2051 3258 pulcrae
2087 3165 2478 3238 dilectionis
2511 3162 2886 3255 agnitionis
2921 3176 2998 3236 et

884 3291 1159 3354 sanctae
1215 3283 1389 3376 spei,
1443 3269 1798 3358 Ecclesiae
1852 3281 2116 3377 Regina
2169 3295 2244 3357 et
2297 3285 2830 3378 propugnatrix,
2887 3279 2996 3356 Tu

884 3397 1055 3487 Nos,
1113 3404 1654 3478 consultationes
1685 3455 1706 3492 ,
1760 3405 2030 3479 labores
2081 3397 2376 3478 Nostros
2405 3394 2506 3476 'in
2567 3399 2796 3479 Tuam
2855 3427 3000 3475 ma-

883 3533 1159 3595 ternam
1210 3523 1417 3605 fldem
1457 3509 1898 3618 tutelamque·
1933 3525 2264 3618 recipiaS,
2301 3541 2382 3597 avc
2413 3515 2595 3598 -Tuis
2647 3541 2780 3617 age
2815 3525 2995 3617 apud

886 3637 1111 3718 Deum
1166 3645 1495 3736 precihus
1528 3692 1551 3729 ‚
1608 3657 1685 3714 ut
1743 3645 1816 3716 in
1871 3654 2012 3718 u'no
2065 3634 2343 3738 semper
2402 3643 2662 3738 -spiritu
2715 3665 3002 3717 manea-

882 3785 1040 3836 mus
1094 3775 1165 3836 et
1221 3765 1455 3838 corde.
2135 3780 2142 3816 ³
2701 3777 2713 3815 ³
2767 3806 2774 3815 -

1146 3880 1289 3956 Vos
1340 3879 1623 3980 quoqu‘e
1661 3879 1931 3956 Nostris
1967 3886 2208 3959 adeste
2235 3887 2434 3958 'votis
2471 3881 2716 3976 Angeli
2755 3898 2828 3961 et
2867 3881 3002 3957 Ar·

1041 4272 1121 4354 (1)
1164 4273 1383 4340 Ioaun.
1428 4274 1529 4356 17,
1570 4275 1670 4345 19,
2283 4271 2328 4298 .-

1040 4360 1122 4450 (2)
1164 4361 1229 4432 S.
1272 4367 1593 4448 Derane
1630 4369 1823 4437 cons·
1867 4368 1928 4438 1·
1973 4371 2032 4440 4·
2077 4391 2135 4436 c·
2182 4370 2240 4441 ᾖ.
2401 4369 2410 4411 :
2501 4377 2508 4392 ,
