3292 5275
888 480 1047 567 236
1244 614 1806 710 LITTERAE
1867 612 2638 711 APOSTOLIGAE

885 914 1109 977 vavs
1143 916 1207 966 m
1246 916 1467 967 msvmt
1506 916 1751 967 Tuam:
1793 916 1994 967 NOVAE
2047 914 2208 966 nvn
2251 916 2453 967 Novak:
2513 918 3001 969 Pnaerficrvnn

1524 1036 1948 1088 Apos'romcan
2007 1036 2367 1087 nntovurvn

1590 1706 1844 1803 PIVS
1915 1706 2078 1800 PP.
2153 1706 2306 1800 lx.

1146 2094 1185 2117 '‘
1306 2136 1313 2141 -
1436 2114 1516 2163 nn
1572 2112 1941 2164 renes-run
1997 2114 2101 2163 ner
2157 2111 2478 2164 uenenum

894 2470 1165 2676 Quae
1216 2554 1617 2635 CathoHeae
1695 2564 1800 2634 rei
1863 2566 2086 2637 fauste
2125 2564 2560 2658 telieiterque
2627 2583 3021 2656 procuran-

896 2683 1027 2754 dae
1082 2681 1375 2754 maxime
1458 2684 1684 2758 facere
1741 2685 2198 2775 intelligimus
2231 2732 2254 2769 ,
2321 2707 2408 2758 ea
2441 2733 2462 2770 ,
2545 2705 2639 2758 ex
2707 2687 3018 2778 supremi

894 2795 1347 2895 Apostolatus
1426 2823 1718 2875 munere
1773 2805 1960 2898 quod
2027 2803 2378 2895 fungimur
2463 2816 2740 2878 mature
2806 2827 3022 2898 prae-

896 2933 1181 2993 stamus.
1240 2918 1481 3016 Itaque
1538 2923 1748 2997 simul
1797 2946 1882 3000 ac
1941 2924 2240 2998 relatum
2297 2937 2434 3005 est,
2491 2925 2836 2997 catholieo
2891 2947 3024 2998 no-

894 3041 1065 3114 mini
1118 3063 1559 3135 summopere
1614 3045 1969 3138 expedire‚
2029 3046 2088 3118 si
2144 3047 2220 3116 in
2277 3042 2522 3117 Insula
2579 3039 2838 3116 Terrae
2872 3040 3024 3119 No-

895 3183 1029 3234 vae
1083 3164 1381 3236 duarum
1434 3164 1854 3239 dioecesium
1908 3160 2152 3237 Sancti
2225 3161 2508 3238 loannis
2573 3165 2896 3238 nimirum
2951 3176 3024 3238 et

891 3277 1147 3357 Portus
1206 3280 1490 3357 Gratiae
1526 3333 1546 3370 ,
1604 3286 2052 3379 aliquatenus
2107 3287 2359 3358 limites
2416 3284 2956 3358 immutarentur
2991 3331 3014 3368 ‚

895 3415 971 3474 et
1024 3405 1205 3478 duae
1270 3427 1491 3480 novae
1554 3406 1991 3497 erigerentur
2044 3401 2532 3478 Praefecturae
2565 3452 2586 3489 ,
2647 3401 2788 3477 Nos
2857 3425 3026 3479 eum

894 3519 1431 3600 venerabilibus
1486 3523 1854 3600 Fratribus
1893 3521 2166 3599 Nostris
2221 3521 2297 3596 S.
2341 3521 2434 3596 R.
2479 3521 2571 3597 E.
2631 3521 3032 3597 Cardinali-

895 3645 1025 3720 hus
1064 3647 1358 3738 negotiis
1397 3643 1900 3740 Propagandae
1945 3643 2152 3719 Fidei
2188 3647 2606 3740 praepositis
2645 3667 2794 3717 rem
2845 3667 3032 3733 eorn-

892 3768 1451 3852 munieavimu3‚
1512 3764 1942 3860 singulisque
2028 3766 2390 3838 rationum
2471 3769 2846 3838 momentis
2915 3778 3034 3838 at-

898 3895 1089 3960 tente
1145 3887 1552 3980 perpensis,
1609 3907 1788 3980 quae
1844 3888 2028 3959 infra
2090 3888 2354 3978 seripta
2409 3897 2572 3957 sunt
2623 3888 3028 3960 censuimus

898 4007 1355 4080 decernenda.
1413 4001 1647 4096 Quare
1703 4018 2250 4080 memoratorum
2287 4000 2814 4079 venerabilium
2853 4002 3034 4078 Fra-

899 4139 1093 4200 trum
1146 4126 1435 4200 consilio
1469 4175 1492 4211 ‚
1551 4127 1972 4200 auctoritate
2035 4123 2302 4200 Nostra
2368 4121 2776 4222 Apostolica
2841 4125 3036 4199 hisce

902 4244 1195 4321 Litteris
1250 4249 1325 4320 in
1380 4244 1614 4321 Insula
1672 4243 1926 4321 Terrae
1981 4243 2226 4322 Novae
2289 4247 2464 4320 duas
2533 4269 2757 4321 novas
2814 4243 3037 4320 Prae-

898 4369 1209 4446 fecturas
1260 4366 1589 4461 erigimus
1642 4380 1716 4442 et
1769 4369 2304 4456 constituimus,
2367 4389 2664 4465 quarum
2729 4369 2934 4442 alteri
2989 4390 3032 4440 a
