3292 5275
2223 500 2377 581 221

262 653 479 714 strum
533 662 702 713 voro
758 640 1111 715 clauditur
1168 642 1328 711 sinu
1366 636 1740 731 Bengalioo
1777 653 1848 713 et
1877 637 2384 727 Martabunico,

256 762 506 835 additis
536 759 791 834 Insulis
820 760 1221 835 Andamaut
1276 764 1753 855 nuncupatis3
1803 765 2086 837 taudem
2125 764 2212 837 ad
2268 782 2390 835 oc·-

254 904 489 955 casum
544 882 899 955 montibus
954 876 1455 975 Yebomadong
1506 883 1934 957 continetur.
1965 878 2186 957 Porro
2215 879 2392 955 Ter·

258 1003 577 1077 ritorium
659 1002 853 1093 regni
912 998 1195 1076 Arakan
1226 1053 1247 1089 ‚
1302 1005 1490 1097 quod
1584 1007 1988 1077 memoratis
2041 1004 2390 1076 montibus

261 1119 761 1214 Yebomadong
848 1132 921 1194 et
1008 1118 1385 1214 Bengalico
1474 1124 1629 1195 sinu
1729 1120 2321 1198 circumscribitur
2361 1172 2384 1209 ,

257 1245 699 1335 adiungimus
750 1234 1145 1315 Vic'ariatui
1199 1239 1548 1335 Bengalae
1604 1241 2018 1317 orientalis.
2062 1240 2388 1337 Denique

256 1361 638 1437 vicariatui
689 1360 1031 1436 Orientali
1071 1385 1233 1437 eum
1271 1375 1499 1437 terrac
1559 1376 1848 1437 tractum
1885 1364 2388 1459 relinquimus,⁸

258 1488 383 1580 qui
441 1484 529 1557 ad
584 1486 923 1557 orientem
984 1507 1025 1556 a
1066 1484 1349 1559 flumine
1404 1480 1712 1558 Salvaen
1771 1488 2100 1579 pervenit
2157 1508 2387 1581 usque

259 1608 349 1679 ad
406 1606 669 1679 flumen
724 1602 1101 1697 Me-Kong,
1172 1616 1381 1699 atquc
1452 1629 1491 1678 a
1552 1605 2028 1699 septentrione
2113 1603 2392 1680 Sinensi

258 1728 629 1821 provincia
676 1708 1029 1801 ‘Yun-nan
1054 1749 1079 1815 3
1134 1726 1221 1797 ab
1286 1729 1571 1799 oriente
1638 1726 1927 1801 flumine
1991 1722 2391 1823 Me-Kong;

260 1870 303 1920 a
356 1846 640 1918 meridie
694 1846 949 1919 linibus
1006 1844 1227 1938 Regni
1282 1842 1688 1931 Xien-mar,
1739 1848 1928 1919 circa
1981 1846 2392 1939 vigesimum

258 1968 653 2041 latitudinis
728 1965 1302 2061 Septentrionalis
1356 1966 1676 2058 gradum,
1738 1968 2204 2062 terminisque
2265 1969 2394 2040 tri-

256 2092 481 2165 buum
535 2086 1025 2173 Karianarum,
1082 2108 1255 2182 quac
1302 2089 1372 2159 in
1413 2088 1541 2162 hoc
1594 2083 1960 2163 vicariatu
2017 2092 2396 2163 continen-

263 2224 383 2284 tur
414 2258 437 2295 ‚
499 2210 783 2282 tandem
844 2210 931 2281 ad
988 2208 1413 2282 occidentem
1498 2206 1734 2281 iisdem
1819 2207 2072 2281 finibus
2135 2219 2207 2282 et
2263 2207 2396 2282 Sa-

258 2334 475 2405 luaen
530 2330 807 2403 flumine
874 2330 1246 2403 clauditur.
1304 2323 1489 2402 Huic
1543 2350 1717 2401 vero
1776 2322 2100 2402 Missioni
2133 2327 2393 2404 Urbem

262 2450 631 2543 Jon-ghoo
684 2450 758 2522 in
810 2445 1158 2541 Peguensi
1214 2447 1566 2521 territorio
1626 2460 1976 2539 tamquam
2015 2452 2257 2543 refugii
2292 2455 2398 2525 lo-

264 2594 429 2649 cum
485 2570 959 2668 relinquimus.
1014 2565 1207 2644 Haec
1260 2568 1662 2656 statuimus,
1717 2569 2148 2660 mandamu8‚
2187 2572 2398 2646 edici-

264 2717 424 2768 mus
478 2695 929 2766 decernentes
984 2702 1391 2785 praesentes
1446 2687 1736 2765 Nostras
1776 2687 2082 2764 Litteras
2131 2693 2396 2786 firmas»,

266 2816 543 2892 validas
596 2827 669 2886 et
723 2813 1038 2887 efficaces
1092 2813 1397 2886 existere
1452 2824 1527 2885 et
1565 2815 1740 2897 fore,
1783 2834 2092 2908 suosque
2155 2817 2400 2909 plena-

266 2937 431 3011 rios·
468 2950 540 3008 et
596 2937 901 3027 integros
957 2933 1249 3007 effectus
1306 2935 1544 3007 sortiri
1599 2945 1670 3005 et
1726 2935 2066 3021 obtinere,
2121 2956 2202 3009 ac
2254 2936 2396 3010 illis

268 3057 357 3131 ad
414 3079 595 3151 quos
652 3065 923 3148 spectat
952 3067 1025 3128 et
1076 3077 1203 3148 pro
1260 3066 1569 3149 tempore
1609 3055 2204 3150 quandocumque
2241 3079 2400 3150 spe-
2481 3045 2488 3050 ⁶

268 3179 496 3252 ctabit
551 3177 623 3249 in
682 3178 1011 3252 omnibus
1066 3190 1138 3250 et
1193 3199 1318 3270 per
1370 3179 1607 3248 omnia
1671 3177 2077 3269 plenissime
2155 3181 2403 3253 suffra·

270 3303 419 3394 gari
444 3321 471 3389 3
528 3303 768 3395 sicque
824 3301 895 3372 in
950 3279 1354 3392 praemissis
1408 3319 1533 3392 per
1588 3321 2073 3394 quoscumque
2129 3299 2397 3374 iudices

268 3422 695 3498 ordinarios
742 3432 815 3494 et
851 3419 1234 3512 delegatos,
1272 3421 1491 3493 etiam
1527 3441 1893 3493 causarum
1919 3416 2169 3493 Palatii
2208 3416 2402 3514 Apo-

272 3545 514 3618 stolici
572 3537 949 3614 Auditores
1003 3540 1293 3613 iudicari
1348 3552 1423 3614 et
1475 3540 1744 3614 definiri
1800 3541 2051 3614 debere
2101 3564 2184 3615 ac
2240 3543 2402 3613 irri-

272 3677 425 3737 tum
480 3673 555 3735 et
614 3665 821 3735 inane
875 3665 932 3734 si
990 3683 1193 3736 secus
1252 3683 1465 3755 super
1520 3661 1626 3732 his
1676 3683 1716 3734 a
1771 3683 2118 3755 quoquam
2155 3661 2400 3756 quavis

270 3785 693 3858 auctoritate
752 3783 1059 3856 scienter
1114 3781 1231 3856 vel
1288 3782 1692 3875 ignoranter
1748 3783 2117 3873 contigerit
2171 3793 2404 3855 atten-

270 3906 443 3978 tari.
504 3897 660 3977 Non
716 3903 1193 3988 obstantibus,
1232 3914 1572 3996 quatenns
1628 3925 1806 3997 opus
1861 3905 1983 3989 sit,
2023 3898 2274 3976 Nostra
2329 3917 2402 3976 et

270 4023 759 4099 Cancellariae
816 4019 1253 4118 Apostolicae
1282 4017 1553 4116 Regula
1584 4025 1670 4097 de
1711 4026 1856 4097 iure
1911 4025 2225 4118 quaesito
2261 4045 2402 4098 non

270 4143 636 4228 tollendo,
692 4145 985 4239 aliisque
1044 4141 1494 4238 Apostolicis,
1554 4167 1636 4218 ac
1689 4145 1764 4218 in
1819 4139 2348 4218 Universalibus
2376 4189 2406 4228 ,

270 4261 994 4364 provincialibusque
1030 4313 1053 4354 ,
1118 4279 1193 4341 et
1258 4251 1720 4364 Synodalibus
1794 4263 2130 4341 Conciliis
2193 4265 2401 4342 editis

275 4385 725 4486 generalibus
778 4389 895 4464 vel
949 4386 1373 4487 specialibus
1410 4385 2042 4468 constitutionibus
2089 4398 2164 4466 et
2199 4381 2402 4464 Ordi-
