3292 5275
2244 492 2395 576 123

273 648 428 713 acta
475 640 720 711 omnia
777 640 976 711 irrita
1033 638 1559 723 declarassent,
1620 656 1707 709 co
1757 636 1942 729 quod
2009 660 2043 705 «
2078 648 2395 735 ‚sanctus

277 782 312 829 »
374 771 444 833 et
499 736 947 833 beatissimis
1009 756 1201 851 Papa
1284 760 1419 852 qui·
1467 757 1961 851 episcopatum
2020 756 2247 831 sancti
2315 778 2395 829 ac
2462 816 2473 829 .

279 904 314 952 »
377 881 800 953 venerabilis
859 876 1143 953 Maximi
1203 874 1536 973 Episcopi
1603 874 2089 951 Antiochense
2152 874 2400 949 Eccle-

277 1024 312 1071 »
373 1002 1048 1087 siae-confirmavit,
1105 1002 1288 1076 insto
1326 1004 1496 1107 satis
1535 1000 1800 1073 indicio
1848 998 2009 1073 eius
2066 998 2390 1071 meritum

279 1146 314 1194 ι)
379 1124 804 1216 approbasse
859 1124 1060 1197 visus
1115 1133 1323 1196 esset.
1373 1146 1408 1191 a
2048 1112 2053 1119 ’

373 1232 504 1317 35.
563 1238 767 1331 Quod
824 1246 912 1317 si·
943 1222 1028 1317 de
1093 1246 1398 1317 illarum·
1435 1226 1894 1318 ecclesiarum
1951 1237 2399 1314 Patrlarchis

273 1376 572 1459 agatur,
626 1386 804 1459 quac
861 1340 1260 1439 recentiori'
1301 1387 1482 1439 aevo
1541 1366 1629 1438 ad
1696 1364 2117 1439 catholicam·
2158 1360 2401 1433 unita-

275 1496 416 1558 tem
469 1487 742 1559 eiurato
797 1486 1176 1560 schismate
1233 1505 1556 1589 reversae
1617 1496 1815 1571 sunt,
1876 1484 2230 1557 neminem
2281 1504 2400 1555 eo-

275 1628 431 1681 rum
491 1607 900 1694 inveniam,
965 1607 1084 1702 qui
1121 1602 1327 1680 Rom.
1371 1604 1741 1681 Pontificis
1790 1604 2399 1680 confirmationem

278 1750 420 1801 non
477 1729 899 1821 expetierit3
956 1750 1128 1823 quos
1184 1750 1424 1802 omnes
1485 1727 1691 1802 iidem
1744 1724 2049 1800 Romani
2106 1722 2402 1797 Pontifi-

278 1870 396 1922 ces
451 1850 632 1922 datis
687 1850 942 1922 litteris
981 1850 1078 1953 ita
1117 1848 1650 1936 confirmarunt,
1706 1860 1786 1921 ut
1846 1869 1967 1920 eos
2022 1846 2225 1919 simul
2266 1840 2404 1916 Ec-

283 1969 518 2043 clesiis
573 1970 718 2043 suis
755 1968 1194 2044 instituentes
1233 1970 1718 2065 praeficerent.
1776 1966 2073 2042 Factum
2120 1966 2402 2061 quidem

277 2100 385 2163 est
412 2138 432 2175 ‚
495 2102 573 2164 ut
611 2088 1016 2183 Apostolica
1053 2088 1234 2165 Sede
1293 2094 1639 2166 tolerante
1698 2095 1989 2185 propter
2044 2086 2401 2180 regionum

277 2212 849 2306 longinquitatem
879 2260 900 2297 ,
957 2214 1288 2287 itinerum
1347 2214 1662 2307 pericula
1694 2262 1717 2300 ,
1777 2224 1879 2286 et·
1926 2210 2408 2305 impendentia

279 2355 488 2427 saepe
541 2334 820 2426 saepius
875 2334 1128 2408 damna
1175 2336 1260 2408 ab
1294 2336 1911 2409 schismaticorum
1964 2333 2269 2407 eiusdem
2308 2332 2407 2403 ri-

279 2466 396 2527 tus
433 2456 950 2547 praepotentia,
985 2458 1193 2529 electi
1223 2452 1679 2531 Patriarchae
1714 2466 1883 2530 ante
1904 2452 2191 2529 -Summi
2220 2448 2407 2527 Pon-

285 2574 485 2649 tificis
524 2575 1121 2651 confirmationem
1152 2571 1502 2672 potestate
1536 2576 1948 2663 uterentur,
1978 2576 2159 2674 quod
2192 2578 2405 2684 etiam

281 2698 356 2770 in
395 2691 1104 2793 Occidentem-omer
1137 2700 1586 2774 necessitates
1637 2685 2118 2774 Ecclesiarum
2158 2709 2231 2772 et
2266 2696 2409 2770 uti-

285 2819 523 2890 litates
577 2818 1046 2912 dispensative
1121 2820 1207 2894 iis
1263 2841 1677 2896 concessum
1732 2831 1842 2894 est
1896 2811 2001 2920 (1)
2038 2868 2060 2906 ,
2118 2819 2240 2915 qui
2294 2839 2409 2891 es-

282 2951 444 3012 sent
496 2939 698 3013 valde
753 2941 1028 3014 remoti.
1084 2937 1180 3015 At
1241 2963 1368 3036 par
1421 2953 1532 3016 est
1587 2931 2146 3015 animadvertere
2174 2987 2197 3025 ,
2253 2961 2409 3012 ces-

281 3081 476 3134 sasse
529 3061 932 3136 huiusmodi
989 3083 1258 3152 causaS,
1309 3066 1603 3138 sublatis
1660 3063 1993 3136 itinerum
2044 3059 2412 3135 difficulta-

287 3183 480 3257 tibus
515 3231 542 3266 ,
591 3165 666 3257 et
729 3184 990 3277 ereptis
1040 3185 1405 3258 catholicis
1477 3184 1817 3258 beneficio
1877 3181 2121 3258 summi
2178 3177 2412 3255 Otho-

287 3299 550 3374 manici
606 3299 1052 3397 Imperatoris
1110 3329 1152 3377 a
1205 3305 1398 3379 civili
1436 3303 2044 3378 schismaticorum
2100 3311 2411 3398 potesta-

295 3431 388 3496 te.
445 3419 668 3497 Nemo
722 3437 962 3500 autem
1015 3449 1160 3501 non
1198 3425 1418 3510 videt,
1455 3425 1548 3499 ita
1600 3429 1819 3501 tutius
1876 3424 2229 3519 provideri
2286 3443 2413 3497 ca-

293 3543 592 3618 tholicae
649 3545 812 3620 fidei
897 3548 1472 3638 conservationi,
1529 3570 1743 3644 quam
1818 3543 2217 3644 perturbari
2287 3565 2413 3637 pro

287 3664 783 3770 lubitu'posse
833 3681 998 3744 ante
1055 3683 1408 3764 receptam
1451 3665 1927 3763 Apostolieam
1980 3665 2413 3740 confimatio-

289 3806 450 3860 nem
501 3790 624 3882 qui
681 3799 876 3864 tanto
933 3793 1267 3883 indignus
1305 3793 1534 3865 officio
1589 3791 1664 3863 in
1722 3789 2257 3886 patriarchalem
2298 3809 2412 3859 se-

293 3909 446 3984 dem
499 3911 850 4000 insiliret3
905 3915 1024 3988 vel
1079 3923 1268 3986 certe
1333 3911 1942 4007 perturbationum
2004 3909 2413 3983 occasiones

291 4031 736 4124 praepediri,
793 4037 977 4128 qu'ae
1060 4031 1225 4107 oriri
1282 4043 1632 4126 possent,
1690 4033 1749 4105 si
1812 4026 2099 4126 quando
2148 4031 2417 4103 electus

288 4145 696 4226 Patriarcha
761 4175 798 4226 a
839 4151 914 4226 S.
955 4151 1138 4228 Sede
1175 4150 1572 4250 Apostolica
1599 4154 1936 4228 ·reiectus
1990 4173 2031 4226 e
2086 4143 2211 4226 su'o
2241 4151 2416 4225 ‘loeo

304 4271 552 4346 cedere
609 4275 920 4349 deberet.

459 4413 544 4498 (1)
584 4415 831 4484 concil.
876 4413 1095 4484 Later.
1139 4411 1253 4482 tv.
1297 4433 1440 4484 can.
1481 4411 1586 4485 26.
1619 4417 1638 4440 ³
1728 4421 1769 4436 ··
1958 4425 1965 4432 ·
2176 4415 2191 4448 x
2236 4412 2251 4448 ι
