3292 5275
887 491 995 575 78

883 634 1013 707 tire
1047 683 1069 720 ,
1132 634 1522 706 dissensum
1581 654 1787 707 suum
1842 656 1883 705 a
1938 628 2151 705 Nobis
2211 630 2462 707 validis
2518 634 2724 706 inniti
2790 655 3005 727 argu-

881 756 1140 829 mentis
1169 752 1625 837 arbitrentur,
1665 775 1845 847 quae
1882 766 2258 855 propterea
2296 776 2337 827 a
2376 752 2806 849 sapientibus
2844 777 3005 847 pru-

884 874 1352 969 dentibusque
1407 875 1590 947 serio
1643 875 1947 967 expendi
1984 876 2416 947 desiderent.
2460 869 2657 945 Licet
2684 875 2895 991 ,enim
2934 874 3004 945 id

883 995 1038 1068 fieri
1093 1006 1400 1089 nequeat
1434 995 1507 1064 in
1544 990 1895 1080 Concilio,
1951 995 2096 1070 viri
2154 1006 2389 1067 tamen
2442 994 2851 1068 divinarum
2889 1016 3007 1069 re-

883 1134 1042 1189 rum
1098 1116 1305 1207 periti
1361 1136 1402 1187 a
1456 1109 1674 1189 Nobis
1729 1114 2131 1206 designandi
2204 1116 2376 1206 ipsis
2448 1134 2591 1187 non
2646 1114 3001 1199 deerunt,

881 1235 1141 1329 quibus
1194 1246 1498 1307 mentem
1554 1254 1751 1307 suam
1806 1236 2073 1328 aperire
2106 1236 2420 1348 possint,
2462 1236 2833 1328 omniaque
2890 1256 3005 1307 ra-

883 1356 1150 1428 tionum
1205 1367 1550 1428 momenta
1606 1356 2003 1427 sententiae
2058 1348 2225 1429 suae
2282 1352 2576 1427 fidenter
2628 1374 3003 1449 exponere,

884 1487 966 1550 ut
1019 1496 1104 1547 ex
1157 1476 1309 1570 ipso
1364 1475 1892 1569 disceptationis
1930 1477 2080 1549 solo
2136 1477 2464 1577 veritatis
2522 1475 3005 1569 assequendae

885 1596 1122 1668 studio
1160 1597 1532 1670 institutae
1569 1596 1903 1669 conflictu
1956 1596 2265 1670 uberiori
2310 1597 2470 1687 luce
2520 1594 2847 1689 perfundi
2887 1617 3011 1667 va-

884 1715 1102 1801 leant,
1158 1738 1297 1811 qua
1351 1717 1440 1789 ad
1495 1717 1681 1788 illam
1736 1716 2236 1808 perducantur.
2292 1710 2577 1787 Utinam
2614 1714 2682 1787 id
2720 1715 3006 1808 plurimi

887 1836 1019 1908 sibi
1060 1848 1458 1931 proponant
1491 1838 1809 1929 bonaque
1847 1836 1984 1907 fide
2022 1848 2494 1929 exequantur3
2532 1857 2699 1909 cum
2736 1836 2807 1907 id
2844 1856 3009 1909 con·

885 1955 1148 2049 tingere
1203 1967 1504 2051 nequeat
1569 1958 1713 2027 sine
1766 1976 2017 2049 magno
2092 1958 2403 2047 ipsorum
2466 1969 3005 2052 ceterorumque

885 2084 1260 2171 proventu.
1316 2074 1649 2171 Ipsorum>
1681 2076 1987 2171 quidem,
2027 2079 2197 2170 quia
2251 2073 2437 2149 Deus
2486 2078 3007 2172 requirentibus

887 2218 964 2269 se
1019 2208 1167 2271 toto
1205 2198 1414 2270 corde
1453 2196 1693 2269 faciem
1750 2218 1950 2269 suam
1990 2198 2340 2285 ostendet,
2382 2197 2761 2293 iisdemque
2808 2218 3009 2293 prae·-

887 2315 1101 2390 stabit
1153 2319 1341 2413 quod
1395 2318 1711 2409 cupiunt.
1771 2315 2089 2391 Aliorum
2146 2340 2344 2403 vero,
2404 2330 2551 2392 tum
2589 2320 2749 2414 quia
2806 2340 3009 2412 prae-

889 2436 1229 2512 stantium
1265 2438 1582 2511 virorum
1619 2441 2009 2531 exemplum
2050 2440 2361 2511 efficacia
2414 2461 2544 2513 sua
2582 2460 2819 2511 carere
2860 2460 3005 2513 non

889 2556 1195 2654 poterit3
1254 2571 1404 2630 tum
1461 2559 1677 2630 etiam
1741 2560 1904 2653 quia
1960 2559 2067 2632 isti
2123 2581 2263 2654 quo
2318 2558 2577 2631 maiore
2644 2558 3007 2652 diligentia

887 2691 960 2753 et
1015 2678 1252 2753 labore
1311 2681 1627 2753 veritatis
1678 2679 2091 2754 beneficium
2148 2679 2281 2752 sibi
2340 2693 2869 2774 compararunt,
2921 2657 3009 2752 eo

889 2801 1312 2894 impensiore
1368 2801 1600 2874 studio
1656 2801 2071 2874 beneficium
2129 2801 2308 2874 idem
2366 2801 2453 2873 ad
2508 2815 2779 2874 ceteros
2841 2820 3010 2894 por-

886 2921 1113 3013 rigere
1169 2921 1505 2995 nitentur.
1547 2917 1727 2992 Dum
1768 2935 1997 2995 autem
2050 2920 2535 2995 faustissimum
2590 2923 2779 2992 hunc
2836 2941 3007 2995 suc-

845 3063 1158 3118 .cessum
1213 3065 1254 3114 a
1308 3042 1547 3114 divina
1599 3038 1988 3114 Clementia
2043 3043 2392 3134 poscimus
2446 3042 2688 3126 enixe,
2726 3041 3006 3135 excipe,

887 3157 1064 3235 Ven.
1123 3159 1396 3248 Frater,
1439 3159 1907 3257 Apostolicam
1963 3158 2563 3244 Benedictionem,
2620 3183 2835 3256 quam
2892 3185 3013 3237 su-

889 3285 1085 3375 perni
1142 3286 1406 3358 favoris
1461 3285 1832 3377 auspicem,
1874 3295 1943 3354 et
2002 3285 2420 3377 praecipuae
2458 3279 2750 3356 Nostrae
2789 3284 3009 3357 bene-

888 3403 1235 3476 volentiae
1293 3405 1544 3498 pignus
1583 3400 1739 3474 Tibi
1781 3404 2044 3497 totique
2081 3399 2398 3476 Dioecesi
2438 3415 2601 3475 tuae
2642 3425 3009 3496 peraman-

887 3537 996 3599 ter
1047 3525 1512 3618 impertimus

1097 3641 1350 3720 Datum
1405 3642 1669 3721 Romae
1726 3647 1913 3742 apud
1966 3644 2039 3719 S.
2101 3643 2389 3722 Petrum
2444 3649 2557 3720 die
2612 3635 2717 3721 30
2783 3642 3008 3723 Octo·

888 3765 1034 3841 bris
1095 3759 1325 3842 1869.

1098 3881 1554 3965 Pontificatus
1607 3885 1841 3964 Nostri
1898 3887 2103 3963 Anno
2156 3885 2774 3983 vicesimoquarto.

1651 4139 1858 4222 Plvs
1910 4136 2053 4220 PP.
2114 4139 2229 4220 IX.
