3292 5275
2273 504 2424 587 153

304 654 727 727 auctoritate
786 653 1085 723 scienter
1140 650 1258 721 vel
1314 651 1722 739 ignoranter
1775 648 2143 740 eontigerit
2197 661 2428 723 atten-

308 774 473 857 tari,
524 770 800 844 irritum
850 782 925 851 et
978 771 1193 843 inane
1246 768 1714 843 decernimus,

520 886 867 981 Quocirca
916 885 1315 962 Venerabili
1373 884 1605 961 Fratri
1660 883 1947 982 Pelagio
2003 885 2108 964 De
2164 891 2228 962 la
2283 885 2428 964 Ba-

308 1014 493 1088 stida
548 1036 597 1106 y
672 1006 987 1085 Davalos
1058 1011 1397 1083 hodierno
1452 1004 1996 1104 Archiepiscopo
2054 1004 2428 1085 Mexieano

304 1154 435 1229 per
494 1132 773 1206 easdem
844 1144 1253 1226 praesentes
1308 1131 1814 1209 committimus
1865 1143 1940 1201 et
1991 1130 2425 1217 mandamus,

306 1266 393 1329 ut
472 1252 617 1345 ipse
699 1251 789 1323 ad
870 1252 1413 1343 praemissorum
1502 1250 1808 1323 omnium
1889 1251 2425 1343 exequutionem

306 1372 639 1467 procedat
673 1394 702 1460 3
756 1372 1181 1446 necessarias
1244 1385 1317 1444 et
1372 1384 1806 1466 opportunas
1859 1367 1945 1449 Ei
2023 1372 2430 1465 impertien-

304 1495 399 1567 do
453 1496 823 1567 facultates
858 1541 878 1576 ‚
952 1494 1207 1586 quibus
1272 1489 1339 1564 Is
1402 1493 1491 1564 ad
1554 1492 1692 1564 hoc
1753 1512 1934 1583 opus
2001 1492 2426 1583 explendum

304 1617 603 1693 alteram
657 1614 977 1687 idoneam
1031 1616 1459 1707 probamque
1516 1632 1889 1705 personam
1955 1614 2026 1691 in
2083 1613 2428 1685 ecclesia-

302 1736 489 1807 stica
526 1746 761 1807 tamen
796 1732 1133 1826 dignitate
1178 1732 1630 1811 constitutam
1680 1732 2132 1827 subdelcgare
2177 1744 2423 1827 queat3

304 1856 408 1927 ita
462 1867 699 1931 tamen
750 1866 835 1928 ut
888 1853 1065 1925 idem
1121 1849 1444 1945 Pelagius
1496 1849 2086 1946 Arcbiepiseopus
2169 1874 2294 1944 per
2349 1874 2426 1927 se

304 1976 429 2051 vel
486 1972 705 2067 ipsam
757 1974 1343 2065 subdelegandam
1400 1994 1766 2066 personam
1821 1974 2056 2047 valeat
2119 1992 2200 2043 ea
2259 1992 2430 2045 eun-

307 2107 423 2169 eta
478 2094 807 2167 ordinare
838 2142 861 2179 ,
914 2095 1287 2187 disponere
1344 2114 1421 2165 ae
1474 2092 1687 2169 etiam
1739 2090 2094 2171 definitive
2129 2140 2150 2177 ,
2209 2094 2432 2165 onmi-

302 2238 439 2311 que
494 2214 959 2309 appellatione
1018 2225 1322 2302 remota,
1375 2215 1758 2287 decernere
1811 2231 1995 2308 quae
2049 2216 2166 2287 vel
2219 2229 2430 2307 opori-

306 2348 455 2411 tere
494 2335 611 2411 vel
646 2335 981 2429 expedire
1040 2334 1253 2425 magis
1310 2330 1399 2406 Ei
1452 2333 1603 2407 visa
1659 2337 1952 2419 fuerint,
2002 2347 2080 2409 ut
2134 2332 2428 2428 praefati

302 2454 637 2531 Civitatis
673 2452 1035 2528 Victoriae
1074 2476 1209 2529 seu
1247 2452 1727 2560 Tamaulipani
1764 2451 2234 2549 Episcopatus
2275 2474 2432 2531 ere-

300 2582 449 2654 ctio
502 2580 593 2652 ad
644 2588 965 2670 optatum
1018 2575 1223 2648 finem
1278 2576 1591 2650 feliciter
1645 2578 2118 2668 perducatur,
2187 2577 2430 2651 iuben-

298 2703 397 2776 do
453 2704 743 2794 insuper
768 2746 789 2785 ,
846 2701 1036 2795 quod
1090 2705 1164 2773 in
1218 2701 1467 2775 borum
1541 2699 1856 2773 omnium
1919 2696 2428 2793 exequutoriall

296 2823 590 2895 decreto
644 2823 957 2914 apprime
994 2821 1459 2894 describenda
1514 2820 1658 2894 sint
1711 2819 2062 2894 naturalia
2117 2819 2428 2893 eiusdem

298 2963 536 3015 novae
565 2937 917 3014 Dioeeesis
948 2941 1275 3025 confinia,
1315 2944 1746 3036 singulaque
1784 2940 2191 3014 nominatim
2226 2941 2432 3033 oppi-

296 3063 393 3136 da
432 3075 505 3136 et
545 3060 925 3155 paroeciae,
966 3075 1177 3156 atque
1238 3063 1420 3135 adeo
1480 3063 1740 3134 charta
1779 3061 2274 3156 topograpbicu
2330 3061 2434 3132 in-

298 3195 611 3260 seratur,

517 3299 667 3378 Non
724 3305 1177 3378 obstantibus
1232 3299 1497 3376 Nostra
1574 3313 1651 3375 et
1703 3297 2186 3374 Cancellaria'e
2239 3294 2432 3392 Apo-

296 3425 605 3499 stolicae
682 3427 925 3518 regula
982 3465 1025 3479 -
1080 3419 1185 3498 De
1238 3423 1395 3496 iure
1452 3424 1774 3517 quaesito
1827 3441 1972 3493 non
2030 3421 2338 3494 tollendo
2389 3412 2428 3474 ἑ-

298 3567 387 3620 ae
416 3539 925 3618 Lateranensis
964 3545 1245 3618 concilii
1284 3544 1672 3616 novissime
1705 3529 2066 3625 celebrati,
2101 3542 2430 3613 dismem-

294 3667 663 3740 brationes
722 3677 1101 3760 perpetuas
1157 3667 1296 3737 nisi
1352 3666 1437 3736 in·
1480 3666 1760 3739 casibus
1814 3686 1856 3736 a
1913 3665 2068 3738 iure
2132 3663 2429 3754 permis·-

294 3789 397 3861 sis
456 3785 607 3858 fieri
664 3787 1120 3879 prohibentis,
1176 3785 1471 3880 aliisque
1531 3785 1746 3858 etiam
1810 3786 1881 3856 in
1941 3784 2416 3879 synodalibus.

292 3907 885 4004 provincialibus,
924 3907 1365 3997 generalibus
1418 3917 1492 3979 et
1544 3907 2072 3982 universalibus
2106 3905 2426 3980 conciliis

290 4028 507 4103 editis
562 4029 680 4099 vel
732 4026 1027 4100 edendis
1084 4028 1509 4119 specialibus
1574 4027 1689 4101 vel
1761 4027 2208 4122 generalibus
2261 4047 2428 4100 eon·-

292 4147 783 4223 stitutionibns
824 4159 899 4220 et
936 4144 1503 4222 ordinationibus
1538 4143 1996 4242 Apostolieis‚
2039 4147 2427 4220 dictarum-

288 4289 435 4366 que
488 4263 895 4342 Mexicanae
952 4279 1029 4340 et
1080 4267 1167 4339 dc
1223 4263 1490 4342 Pucbla
1544 4268 2006 4342 ecclesiarum
2061 4267 2279 4340 etiam
2319 4266 2428 4342 iu-

292 4399 647 4475 ramento,
702 4389 1237 4466 confirmatione
1294 4385 1700 4486 Apostolica
1733 4437 1754 4476 ,
1813 4389 1930 4462 vel
1996 4388 2248 4486 quavis
2303 4387 2428 4462 fir-
