3292 5275
2295 478 2457 563 319

336 624 493 695 dem
546 623 1023 695 ecclesiastica
1059 620 1460 707 Provincia,
1516 634 1591 695 et
1644 624 2094 715 potissimum
2167 622 2460 697 finitima

336 741 767 817 Chelmensis
850 740 1211 819 Dioeeesis
1296 747 1371 815 in
1458 744 2016 835 praesentiarum
2099 754 2462 831 versatur,

334 884 615 937 omnem
674 861 1003 939 Nostram
1056 867 1494 958 vigilantiam
1544 877 1619 937 et
1675 865 2234 939 sollicitudinem.
2297 864 2458 937 iure

336 1006 415 1057 ac
470 988 724 1059 merito
794 1008 1039 1059 rursus
1096 988 1572 1079 expostulant.
1632 982 2058 1080 Nuperrime
2113 986 2458 1079 siquidem

335 1108 421 1179 ad
476 1104 615 1179 Nos
673 1110 973 1182 relatum
1038 1120 1147 1181 est
1202 1111 1387 1181 inter
1440 1110 1617 1181 istos
1675 1104 2082 1181 Catholicos
2139 1102 2460 1179 Graeco-

335 1222 649 1302 Rutheni
702 1230 879 1304 ritus
917 1231 1033 1303 vel
1072 1250 1305 1303 acrem
1370 1232 1936 1306 controversiam
1991 1228 2078 1299 de
2135 1248 2209 1299 re
2266 1226 2460 1300 litur-

334 1349 492 1440 gica
530 1351 897 1422 temerario
936 1372 1109 1425 ausu
1142 1354 1525 1423 excitatam
1580 1371 1768 1433 esse,
1825 1372 1909 1423 ae
1945 1348 2288 1443 quosdam
2324 1348 2460 1417 exi-

336 1480 552 1555 stere,
612 1471 775 1543 licet
804 1471 875 1541 in
902 1472 1215 1544 clericali
1269 1472 1517 1545 ordine
1568 1469 2018 1558 constitutoS‚
2074 1466 2215 1561 qui.
2247 1467 2460 1541 rebus

336 1592 539 1663 novis
596 1594 957 1665 studentes
996 1614 1235 1666 sacras
1273 1593 1750 1666 caeremonias
1787 1591 1962 1664 alias
2015 1590 2462 1661 immemora-

332 1711 455 1783 bili
496 1732 627 1786 usu
665 1704 1113 1787 laudabiliter
1150 1725 1495 1808 recepta8‚
1536 1716 1716 1786 alias
1767 1734 2050 1807 quoque
2089 1706 2456 1783 Zam'osce·

334 1854 465 1905 nae
520 1828 813 1926 synodi,
868 1854 1067 1928 quam
1131 1832 1534 1929 Apostoliea
1628 1830 1843 1906 Sedes
1939 1832 2268 1926 probavit
2324 1820 2454 1927 (1),

332 1956 693 2027 sanctione
748 1957 1157 2032 solemniter
1192 1956 1675 2039 confirmatas,
1705 1938 1996 2050 ⁴proprio
2049 1952 2288 2027 lubitu
2329 1949 2459 2023 im-

330 2083 605 2146 mutare
662 2085 1085 2166 pertentant.

544 2190 683 2267 Sed
736 2197 921 2289 quod
986 2198 1201 2287 magis
1252 2192 1393 2269 Nos
1449 2199 1667 2289 angit,
1721 2208 1794 2269 et
1853 2196 2100 2267 intima
2141 2192 2457 2283 aegritu—

332 2315 499 2387 dine
544 2338 665 2391 eor
720 2311 1049 2391 Nostrum
1094 2316 1334 2403 afficit,
1392 2328 1505 2391 est
1559 2316 1753 2413 quod
1807 2326 2128 2389 recenter
2178 2312 2459 2404 accepi-

330 2458 494 2509 mus
538 2438 631 2509 de
686 2437 1072 2513 miserrimo
1126 2460 1365 2512 rerum
1420 2451 1610 2514 statu
1662 2461 1798 2534 quo
1861 2435 2197 2529 affligitur
2253 2428 2458 2505 Chel-

328 2559 591 2631 mensis
626 2554 1001 2632 Dioecesis.
1046 2555 1433 2654 Siquidem,
1496 2561 1877 2635 recedente
1935 2556 2252 2631 eiusdem
2281 2548 2459 2650 Epi7

328 2701 539 2774 scopo
592 2683 833 2772 paucis
887 2683 1141 2756 abhinc
1194 2684 1399 2756 annis
1456 2703 1577 2777 per
1634 2679 1776 2755 Nos
1837 2679 2040 2774 lpsos
2090 2678 2449 2763 instituto,

328 2812 403 2872 et
454 2802 803 2892 spirituali
858 2803 1147 2878 vinculo
1202 2825 1361 2876 cum
1416 2803 1662 2879 eadem
1709 2799 2034 2876 Dioecesi
2091 2801 2320 2872 adhuc
2371 2799 2458 2868 il-

326 2921 573 3010 ligato,
628 2922 919 3014 quidam
956 2923 1219 3015 pseudo
1238 2925 1815 3006 -administrator,
1871 2942 2072 3016 quem
2127 2916 2268 2992 Nos
2305 2921 2458 3012 epi-

328 3042 588 3133 scopali
662 3062 949 3114 munere
1005 3041 1359 3136 indignum
1414 3047 1557 3118 iam
1624 3045 1900 3138 pridem
1955 3038 2448 3124 iudicavimu3‚

322 3162 617 3231 minime
665 3159 1008 3233 dubitavit
1044 3165 1601 3238 eeclesiasticam
1653 3162 2219 3236 iurisdictionem
2255 3181 2457 3232 usur-

314 3301 525 3374 pare,
582 3294 837 3354 cuncta
892 3283 964 3352 in
1020 3297 1403 3357 memorata
1461 3282 1776 3357 Ecclesia
1842 3281 2330 3376 pessumdare,
2371 3301 2454 3355 ac

326 3404 758 3497 potissimum
815 3427 965 3478 rem
1020 3407 1411 3499 liturgicam
1468 3413 1818 3482 canonice
1881 3409 2224 3482 sancitam
2293 3427 2456 3498 pro-

312 3526 487 3616 ·prio
542 3537 764 3596 marte
820 3528 1257 3600 confundere
1294 3543 1397 3602 ‘ae
1454 3531 1895 3622 perturbare.
2516 3617 2526 3628 ,

542 3641 940 3719 Moerentes
990 3647 1215 3722 adhuc
1254 3671 1425 3741 prae
1480 3652 1702 3724 oeulis
1759 3653 2096 3724 habemus
2151 3648 2449 3722 circula·-

319 3785 439 3838 ’res
493 3767 608 3838 die
664 3759 771 3839 20
825 3761 1157 3842 Octobris
1210 3772 1381 3842 anni
1443 3763 1647 3846 1873
1707 3775 1958 3858 editaS,
2027 3773 2282 3867 quibus
2337 3773 2454 3842 in-

324 3885 501 3957 felix
554 3887 676 3958 ille
725 3889 1568 3979 pseudo-administrator
1615 3894 1842 3968 divini
1897 3897 2132 3968 cultus
2187 3891 2455 3966 exerci-

324 4006 501 4078 tium
556 4027 969 4101 sacramque
1028 4009 1385 4104 liturgiam
1440 4014 1786 4089 innovare
1823 4017 2067 4100 audet,
2109 4038 2192 4089 ea
2251 4018 2450 4109 plane

324 4137 591 4212 mente,
630 4137 709 4200 ut
754 4129 825 4198 in
882 4131 1224 4205 catholica
1280 4129 1684 4208 Chelmensi
1740 4131 2064 4238 Dioecesi
2119 4139 2454 4212 schisma-

484 4274 567 4360 (1)
612 4267 991 4345 Benedictus
1031 4278 1191 4347 xm
1229 4285 1296 4348 in
1336 4303 1459 4350 sno
1501 4285 1696 4354 Brevi
1724 4287 2122 4372 Apostolacus
2157 4287 2451 4374 Officium

322 4374 453 4440 diei
490 4372 569 4444 19
610 4373 763 4440 Iulii
802 4373 985 4446 1724.
