3292 5275
922 648 1698 775 LITTERAE
2204 501 2355 594 1ae

427 966 511 1016 An
568 963 854 1015 Anussmos
906 964 1285 1015 cATnomcos
1342 963 1849 1015 PATnlsnan‘rvs
1905 960 2170 1013 culmen

675 1447 958 1497 mtssc‘rts
1014 1447 1194 1497 FILIIS
1251 1446 1515 1497 saumis
1571 1446 1938 1497 cunonem

894 1581 1409 1631 Parnlancns'rvs
1463 1580 1734 1631 cluens

940 1953 1195 2049 PIVS
1268 1954 1435 2049 PP.
1522 1953 1679 2049 IX.

308 2268 569 2320 omnen
620 2268 793 2329 FILII,
832 2266 1114 2319 suvant
1172 2268 1254 2318 ΕΤ
1313 2267 1744 2319 Aposromcm
1801 2266 2309 2321 neussnlcrlonssn

264 2612 497 2818 Quo
548 2701 964 2795 impensiore
1018 2703 1255 2776 studio
1308 2697 1793 2777 Armeniorum
1855 2701 2211 2777 Ecclesiae
2269 2727 2379 2778 res

263 2825 535 2914 erigere
588 2823 721 2894 nisi
774 2843 1009 2894 summ
1035 2870 1058 2907 ,
1115 2833 1189 2894 et
1268 2823 1357 2894 ad
1439 2839 1595 2896 enm
1667 2824 2014 2897 adducere
2069 2824 2380 2897 ordinem

264 2961 561 3037 eamque
614 2941 1049 3014 concordiam
1125 2955 1197 3013 et
1272 2943 1670 3016 firmitatem
1697 2992 1718 3029 ,
1785 2965 1964 3038 quae
2019 2944 2382 3039 antiquum

266 3065 399 3159 ipsi
456 3063 673 3136 decus
728 3064 991 3135 reterre
1044 3075 1365 3156 possent,
1417 3085 1503 3136 eo
1558 3065 1882 3139 acerbius
1937 3063 2278 3139 afficimur
2342 3069 2383 3138 a

266 3185 765 3258 nonnullorum
816 3181 1109 3266 malitia,
1165 3185 1290 3276 qui
1344 3203 1551 3256 curas
1606 3179 1896 3258 Nostrae
1949 3205 2186 3256 omnes
2245 3202 2386 3257 non

266 3305 479 3379 modo
528 3303 982 3392 frustrantur,
1038 3304 1165 3375 sed
1220 3325 1347 3397 per
1401 3304 1946 3376 machinationes
2001 3325 2164 3378 suas
2219 3325 2388 3378 con-

265 3435 557 3500 vertunt
592 3423 665 3496 in
704 3425 1097 3497 animorum
1155 3424 1550 3510 dissidium,
1590 3425 1666 3498 in
1717 3425 2137 3516 pusillorum
2192 3447 2392 3498 sean-

268 3547 535 3630 datum,
594 3546 671 3616 in
724 3547 1051 3637 propriae
1108 3548 1337 3636 gentis
1375 3546 1782 3639 perniciem.
1841 3540 2022 3616 Mala
2063 3567 2234 3618 sane
2271 3567 2392 3620 co-

268 3689 421 3740 rum
474 3667 749 3738 artibus
828 3664 1120 3738 excitata
1172 3678 1247 3738 et
1300 3667 1555 3756 iugiter
1636 3663 2133 3738 invalescentia
2213 3686 2392 3740 enu-

268 3787 699 3862 meravimns
752 3782 1039 3860 Litteris
1112 3781 1381 3860 Nostris
1436 3781 1852 3880 Apostolicis
1917 3807 1952 3854 (ι
2016 3779 2180 3858 Νοη
2240 3784 2394 3857 sine

272 3905 691 4003 gravissimo
736 3930 771 3975 n
814 3927 993 4000 quas
1044 3905 1367 3980 dedimus
1420 3902 1531 3978 die
1586 3906 1920 4000 vigesima
1971 3917 2219 3998 quarta
2257 3900 2398 3977 Fe-

274 4027 544 4104 bruarii
598 4025 797 4099 huius
852 4028 1054 4111 anni,
1108 4028 1277 4102 dum
1332 4028 1419 4099 ad
1474 4050 1559 4100 ea
1608 4025 2108 4120 compescenda
2163 4037 2232 4097 et
2286 4025 2396 4096 di·-

281 4147 595 4222 rimenda
648 4146 1169 4220 remittebamus
1224 4149 1313 4218 ad
1366 4169 1497 4222 vos
1533 4143 2022 4220 Venerabilem
2079 4141 2394 4218 Fratrem

282 4263 663 4340 Antonium
698 4263 1065 4360 Iosephnm
1094 4261 1715 4362 Archiepiscopum
1755 4263 2230 4362 Thyanaeum‚
2262 4261 2400 4340 De·

286 4387 593 4482 legatum
645 4381 971 4462 Nostrum
1026 4381 1541 4479 Apostolicum.

1829 4511 1970 4600 13·
