3292 5275
824 496 877 575 8

828 634 1124 728 negotiis
1187 626 1388 704 Ritus
1459 618 1863 705 orientalis.
1932 624 2258 719 Quorum
2312 631 2551 703 audita
2604 634 2949 707 relatione

829 766 1142 829 mentem
1195 753 1649 846 animumque
1702 746 2043 824 Nostrum
2110 750 2200 823 ad
2256 746 2359 823 Te
2426 754 2903 827 convertimus
2926 802 2949 839 ,

825 894 1036 971 quem
1071 894 1338 947 morum
1375 872 1775 955 honestate,
1814 869 2204 964 prudentia,
2243 872 2725 945 ecclesiastico
2772 876 2949 961 zelo,

829 992 1120 1089 aliisque
1205 991 1614 1066 necessariis
1680 990 1967 1064 dotibus
2032 989 2429 1083 praeditum
2509 991 2696 1065 idem
2768 988 2947 1066 Ven.

824 1112 947 1189 Fr.
989 1110 1402 1189 Patriarcha
1438 1107 1654 1185 Nobis
1692 1133 1837 1185 una
1889 1132 2049 1183 cum
2104 1111 2261 1184 aliis
2319 1114 2707 1207 proposuit.
2764 1110 2953 1203 Qua-

825 1248 1108 1332 propter
1163 1230 1268 1307 Te
1324 1255 1367 1306 a
1420 1230 1791 1327 quibusvis
1844 1231 2580 1306 excommunicationis
2606 1282 2628 1319 ,
2696 1244 2768 1307 et
2844 1236 2957 1308 in·

829 1356 1111 1431 terdicti
1145 1404 1167 1441 ,
1226 1354 1528 1449 aliisque
1595 1352 2101 1425 ecclesiasticis
2166 1354 2522 1435 censuris,
2588 1354 2955 1429 sententiis

824 1488 898 1550 et
953 1477 1198 1573 poenis
1251 1476 1514 1571 quovis
1566 1473 1777 1547 modo
1834 1473 1952 1547 vel
2006 1474 2269 1567 quavis
2325 1474 2415 1548 de
2466 1496 2683 1550 causa
2734 1474 2894 1549 latis
2926 1525 2952 1562 ,

827 1600 889 1671 si
947 1619 1120 1693 quas
1157 1598 1333 1671 forte
1370 1596 1768 1680 incurristi,
1808 1592 2019 1669 huius
2059 1603 2339 1669 tantum
2395 1595 2497 1667 rci
2550 1597 2777 1690 gratia
2820 1598 2954 1669 ah-

825 1717 1183 1795 solventes
1238 1728 1310 1792 et
1367 1716 1772 1791 ahsolutum
1839 1715 1989 1787 fore
2054 1726 2451 1803 censentes,
2520 1718 2606 1789 de
2664 1716 2953 1792 consilio

825 1840 1237 1915 eorumdem
1290 1832 1468 1913 Ven.
1508 1832 1838 1909 Fratrum
1894 1830 2315 1910 Nostrorum
2368 1832 2440 1910 S.
2499 1834 2584 1909 R.
2642 1832 2727 1909 E.
2778 1834 2956 1912 Car-

827 1958 1172 2035 dinalium
1246 1959 1607 2054 praefatae
1664 1952 2275 2051 Archiepiscopali
2329 1954 2695 2033 Ecclesiae
2758 1956 2958 2032 Ami-

826 2080 1049 2152 denae
1089 2100 1218 2153 seu
1257 2074 1795 2153 Diarhekirensi
1830 2074 2337 2151 Chaldaeorum
2391 2076 2797 2171 Apostolica
2835 2102 2958 2153 au·

826 2198 1156 2275 ctoritate
1211 2196 1691 2295 praeficimus,
1746 2198 2205 2294 eiusdemque
2258 2196 2616 2273 Ecclesiae
2670 2220 2955 2288 curam,

829 2320 1166 2413 regimen,
1207 2331 1280 2394 et
1316 2316 2003 2393 administrationem
2041 2322 2117 2391 in
2156 2318 2640 2414 spiritualibus
2675 2332 2749 2394 et
2786 2334 2960 2395 tem-

829 2438 1186 2535 poralibus
1240 2435 1550 2534 plenarie
1604 2438 2136 2515 committimus.

1043 2556 1377 2635 Volumus
1433 2570 1664 2631 autem
1734 2570 1814 2633 ut
1878 2581 1920 2632 a
1977 2563 2296 2655 praefato
2352 2555 2529 2635 Ven.
2591 2558 2707 2634 Fr.
2766 2560 2960 2636 lose-

831 2685 974 2778 pho
1009 2677 1458 2763 Patriarcha,
1493 2681 1607 2754 vel
1664 2682 1757 2755 ah
1811 2683 1948 2756 alio
2004 2678 2347 2758 Antistite
2404 2686 2495 2758 ab
2550 2704 2637 2757 eo
2690 2684 2960 2781 specia-

829 2805 993 2877 liter
1047 2803 1505 2894 designando,
1560 2801 2049 2879 assistentibus
2114 2804 2389 2880 duobus
2457 2804 2613 2878 aliis
2666 2808 2961 2880 catholi-

827 2924 930 2998 cis
967 2919 1342 3017 Episcopis
1395 2924 1546 2999 sive
1585 2917 1978 3010 Chaldaici,
2018 2925 2197 3009 sive,
2259 2923 2366 2998 his
2422 2925 2953 3010 deficientibuS,

831 3045 1120 3117 alterius
1185 3046 1530 3139 cuiusque
1598 3047 1781 3116 ritus
1808 3091 1829 3128 ,
1902 3044 2197 3134 gratiam
2272 3055 2344 3117 et
2409 3047 2965 3120 communionem

831 3159 1035 3238 Sedis
1097 3160 1536 3259 Apostolicae
1601 3164 2049 3250 habentibus,
2106 3165 2659 3240 consecrationis
2698 3189 2959 3242 munus

832 3282 1051 3358 libere
1109 3306 1198 3384 ac
1240 3283 1431 3358 licite
1488 3285 1806 3378 recipere
1863 3285 2088 3379 possis
2126 3296 2199 3356 et
2234 3287 2498 3358 valeas.
2538 3280 2799 3360 Verum
2842 3287 2962 3360 de·

832 3403 1185 3479 cernimus
1225 3426 1309 3478 ac
1344 3403 1678 3478 distincte
1711 3405 2218 3498 praecipimus,
2248 3416 2329 3477 ut
2364 3417 2739 3502 antequam
2778 3409 2966 3481 eius·

833 3524 989 3597 dem
1045 3525 1587 3598 consecrationis
1638 3545 1901 3599 munus
1962 3525 2293 3618 recipias,
2332 3525 2836 3619 professionem
2882 3525 2963 3600 fi-

833 3645 949 3718 dei
1004 3645 1395 3718 catholicae
1451 3645 1653 3719 iuxta
1710 3647 2012 3718 formam
2068 3644 2158 3716 ab
2213 3639 2497 3719 Urbano
2534 3641 2695 3719 Vlll
2748 3641 2964 3720 Prae-

834 3767 1202 3840 decessore
1255 3759 1511 3840 Nostro
1570 3763 2063 3859 praefinitam,
2132 3786 2278 3839 una
2342 3787 2505 3839 cum
2566 3769 2965 3841 iuramento

831 3886 1276 3960 obedientiae
1329 3896 1404 3957 et
1456 3883 1808 3957 fidelitatis
1847 3880 2061 3957 Nobis
2122 3906 2207 3957 ac
2246 3883 2786 3961 successorihus
2822 3881 2964 3958 No-

833 4005 996 4080 stris
1053 4007 1333 4080 debitae
1389 4006 1462 4077 in
1518 4005 1845 4078 manibus
1904 4007 2273 4080 memorati
2330 4001 2504 4079 Ven.
2544 4002 2665 4079 Fr.
2726 4003 2965 4080 Patri-

832 4126 1084 4200 archae
1139 4125 1444 4206 emittas.
1503 4121 1582 4197 Si
1640 4135 1885 4198 autem
1908 4173 1931 4212 ,
1983 4126 2176 4221 quod
2230 4123 2439 4212 ahsit,
2496 4125 2964 4222 episcopalem

802 4247 1435 4321 .consecrationem
1510 4247 1833 4340 recipere
1915 4248 2518 4341 praesumpseris,
2578 4267 2721 4320 non
2774 4247 2962 4321 edita

832 4369 1026 4464 prius
1082 4365 1518 4463 professione
1571 4363 1734 4440 fidei
1789 4377 1867 4440 et
1922 4367 2313 4443 iuramento
2367 4369 2780 4464 praedictis,
2830 4387 2963 4442 no·-
