3292 5275
2277 470 2433 556 317

316 618 626 699 omissis,
679 614 1097 690 Benedictus
1160 612 1319 689 XlV
1380 620 1455 689 in
1512 618 1658 689 suis
1714 618 2094 710 encyclicis
2149 610 2436 688 Litteris

320 735 765 812 Demaaedata
817 760 935 811 an.
1002 730 1234 820 1743,
1272 750 1350 811 et
1382 733 1667 809 Allatae
1719 749 1884 809 sunt
1923 758 2040 807 an.
2088 728 2321 810 1755.

530 856 707 931 Cum
764 858 1005 932 autem
1042 854 1471 933 arctissimus
1510 860 1766 931 existat
1821 878 2058 932 nexus
2095 880 2234 951 quo
2271 874 2436 929 cum

316 981 735 1071 dogmaticis
786 981 1137 1055 doctrinis
1182 978 1556 1071 disciplina
1611 980 2034 1071 praesertim
2105 976 2436 1067 liturgica

314 1102 772 1194 coniungitur
824 1108 897 1173 et
952 1102 1425 1183 consociatur,
1478 1098 1645 1171 hinc
1729 1098 2138 1191 Apostolica
2195 1092 2434 1181 Sedes,

318 1220 717 1294 infallibilis
773 1218 973 1293 Fidei
1030 1217 1365 1315 Magistra
1406 1240 1488 1291 ac
1530 1220 2042 1311 sapientissima
2107 1214 2438 1290 Veritatis

316 1352 585 1425 eustos,
642 1342 772 1415 vix
828 1362 915 1413 ac
959 1340 1431 1433 deprehendit
1497 1360 1531 1409 α
1593 1340 2064 1434 periculosum
2121 1350 2194 1411 et
2231 1339 2438 1411 inde-

326 1484 361 1529 υ
424 1480 661 1533 corum
718 1463 1027 1553 aliquem
1064 1463 1279 1535 ritum
1325 1460 1397 1531 in
1434 1456 1868 1533 Orientalem
1905 1456 2296 1533 Ecclesiam
2333 1460 2439 1529 ir·

324 1600 363 1651 x
426 1584 757 1675 repsisse,
803 1584 1005 1656 illum
1026 1583 1419 1667 damnavit,
1444 1582 1882 1673 improbavit
1907 1583 2198 1675 eiusque
2229 1598 2438 1655 usum

324 1724 361 1771 n
426 1704 561 1795 ipsi
617 1702 968 1795 prohibuit
1030 1724 1065 1773 ι)
1126 1695 1273 1805 (1).

532 1818 809 1897 Rursus
862 1836 1251 1896 memorata
1288 1844 1461 1898 eura
1499 1822 1802 1896 illibatas
1857 1823 2184 1897 servandi
2238 1832 2439 1894 vete·-

320 1955 507 2015 teres
565 1938 915 2035 Liturgias
968 1944 1465 2035 impedimento
1526 1964 1668 2016 non
1727 1944 1860 2014 fuit
1909 1941 2288 2035 quominus
2325 1940 2442 2013 in·-

320 2074 431 2136 tcr
470 2060 843 2136 orientales
880 2064 1055 2137 ritus
1108 2064 1675 2139 adsciscerentur
1727 2064 1941 2137 etiam
1994 2062 2318 2137 nonnulli
2357 2084 2442 2135 ex

320 2182 475 2259 aliis
532 2179 865 2257 Ecclesiis
942 2186 1241 2277 accepti,
1298 2207 1503 2278 quoe,
1562 2187 1670 2257 uti
1723 2186 1814 2259 ad
1869 2182 2246 2257 catholicos
2299 2177 2442 2253 Ar·-

316 2326 557 2377 menos
622 2301 999 2396 Gregorius
1028 2300 1187 2378 XVI
1226 2308 1347 2378 fel.
1402 2308 1672 2379 record.
1751 2306 2137 2393 scribebat3
2197 2328 2234 2373 tt
2295 2298 2444 2375 Ma-

327 2449 363 2495 »
430 2427 618 2499 iores
674 2427 893 2498 vestri
934 2438 1083 2511 aut,
1118 2428 1291 2521 quia
1341 2428 1682 2501 rectiores
1730 2426 1866 2499 visi
1903 2428 2210 2525 fuerant,
2265 2424 2442 2497 ada·—

326 2568 363 2614 »
424 2556 732 2629 marum,
790 2556 917 2619 aut
972 2560 1335 2642 tamquam
1388 2560 1629 2623 notam
1685 2548 1772 2619 ab
1827 2544 2198 2620 haereticis
2258 2544 2442 2617 schi-

326 2689 363 2738 »
428 2668 879 2760 smatieisque
932 2689 1057 2742 eos
1110 2659 1625 2744 discernentem
1663 2671 1896 2765 aliquo
1952 2670 2204 2742 abhinc
2259 2677 2444 2739 tem-

326 2809 361 2856 »
429 2809 595 2880 pore
650 2802 1181 2882 assumpserunt
1244 2815 1277 2860 >v
1344 2785 1477 2888 (2).
1532 2787 2010 2884 Quapropter,
2057 2795 2184 2862 ceu
2225 2789 2442 2860 tradit

321 2908 511 2980 idem
565 2905 899 2983 Summus
953 2906 1317 2997 Pontifex,
1404 2937 1439 2982 α
1498 2933 1583 2984 ea
1636 2913 1879 3003 regula
1965 2909 2246 2983 omnino
2300 2929 2444 2982 ser-

328 3049 365 3098 »
428 3029 661 3104 vanda
714 3041 823 3103 est
858 3051 1001 3124 qua
1054 3034 1413 3119 statuitur,
1452 3031 1848 3106 inconsulta
1902 3027 2082 3104 Sede
2133 3025 2444 3122 Aposto-

328 3172 363 3218 κ
432 3150 599 3234 lica,
660 3151 733 3222 in
780 3171 1021 3224 sacrae
1074 3147 1435 3243 Liturgiae
1496 3153 1748 3226 ritibus
1803 3152 1979 3224 nihil
2035 3171 2191 3225 esse
2243 3150 2444 3222 inno-

342 3293 377 3340 »
441 3270 749 3344 vandum
806 3271 1017 3348 etiam
1094 3273 1383 3344 nomine
1439 3274 1882 3346 instaurandi
1935 3271 2440 3358 caeremonias,

326 3411 361 3458 n
428 3412 608 3484 quae
664 3387 999 3486 Liturgiis
1038 3394 1123 3465 ab
1180 3394 1419 3466 eadem
1458 3389 1637 3464 Sede
1677 3395 1988 3486 probatis
2027 3395 2250 3484 magis
2279 3409 2446 3466 oon·-

332 3535 369 3580 »
434 3513 693 3584 formes
746 3528 898 3586 esse
952 3515 1361 3594 videantur,
1418 3515 1557 3598 nisi
1606 3535 1690 3586 ex
1745 3514 2180 3606 gravissimis
2217 3513 2442 3586 causis

324 3652 363 3700 x
426 3640 501 3704 et
536 3633 925 3708 accedente
960 3628 1668 3726 SedisApostolicae
1723 3636 2142 3709 auctoritate
2203 3657 2238 3704 n
2295 3627 2438 3737 (3).

274 3958 281 3962 ‚
480 3877 566 3961 (1)
607 3878 991 3948 Benedictus
1012 3881 1184 3948 ‘XIV
1226 3883 1291 3948 in
1328 3883 1465 3950 suis
1526 3881 1789 3948 Litteris
1826 3857 2072 3949 Aucta
2111 3891 2260 3950 sunt
2295 3883 2326 3964 S
2363 3881 2444 3950 27

312 3970 519 4038 ‹11026
558 3971 707 4037 Iulii
747 3973 929 4040 1735.

478 4065 560 4146 (2)
602 4065 954 4146 Gregorius
995 4067 1151 4134 XVI
1191 4072 1255 4134 in
1297 4073 1430 4134 suis
1473 4069 1738 4135 Litteris
1805 4071 2104 4138 Studium
2139 4081 2440 4155 paternae

304 4157 763 4224 ‘benevolentiae
818 4163 919 4226 die
959 4161 1001 4227 2
1042 4161 1199 4226 Maii
1228 4161 1405 4230 1836.

480 4249 562 4334 (3)
605 4251 957 4336 Gregorius
998 4255 1148 4320 XVI
1189 4259 1255 4320 in
1296 4261 1431 4323 suis
1490 4256 1750 4326 Litteris
1793 4256 1970 4324 Inter
2035 4259 2444 4350 qravissimae
2477 4251 2484 4259 ⁸

302 4345 451 4446 ‘diei
492 4343 533 4414 3
574 4344 911 4416 Februarii
950 4347 1129 4419 1832.
