3292 5275
2269 475 2426 557 315

304 617 706 703 discordiis,
746 619 1006 690 sedatis
1064 617 1521 698 rebellionum
1580 617 2250 720 perturbationibus
2291 618 2431 691 dis-

306 739 509 812 iectis
546 739 961 812 exitialibus
1000 749 1355 812 sectarum
1390 738 1734 824 consiliis,
1775 732 2232 823 coniunctam
2269 743 2434 834 o'pe-

303 879 459 930 ram
516 871 785 932 navent
838 871 915 931 ut
968 859 1439 932 restituantur
1517 856 1682 931 huic
1737 854 1812 930 S.
1871 855 2036 930 Sedi
2089 879 2212 929 sua
2277 860 2430 934 iura

302 991 380 1050 et
436 999 601 1052 cum
682 981 773 1051 iis
854 979 1112 1052 visibili
1185 975 1543 1052 Ecclesiae
1598 975 1830 1074 Capiti
1887 1001 2015 1052 sua
2080 981 2289 1071 plena
2353 979 2436 1053 li-

302 1101 577 1188 bertas,
628 1109 699 1172 et
755 1099 941 1172 civili
997 1100 1319 1172 societati
1406 1109 1654 1192 optata
1737 1097 2233 1193 tranquillitas.
2289 1096 2432 1174 Nec

302 1222 574 1303 minus,
632 1216 1085 1294 venerabiles
1142 1216 1449 1304 FratreS‚
1506 1219 2002 1311 deprecatione
2059 1230 2296 1292 vestra
2361 1231 2433 1293 et

304 1335 663 1414 Fidelinm
722 1341 906 1434 apud
972 1341 1289 1414 divinam
1374 1341 1817 1412 clementiam
1889 1339 2242 1432 exposcite
2278 1388 2298 1423 ‚
2355 1353 2434 1412 ut

304 1463 523 1534 corda
577 1463 984 1554 impiorum,
1022 1463 1369 1533 coecitate
1406 1461 1748 1532 mentium
1785 1460 2103 1552 depulsa,
2147 1460 2233 1532 ad
2271 1483 2435 1554 poe-

306 1583 681 1654 nitentiam
738 1592 1135 1664 convertat,
1197 1580 1570 1676 antequam
1642 1581 1879 1652 veniat
1959 1580 2112 1651 dies
2167 1575 2431 1652 Domini

309 1724 615 1796 magnus
667 1714 739 1774 et
790 1701 1173 1786 horribilis,
1231 1713 1357 1775 aut
1412 1699 1856 1793 reprimendo
1892 1721 2136 1773 eorum
2191 1703 2434 1774 nefan-

310 1825 398 1895 da
455 1825 751 1897 consilia
806 1823 1133 1896 ostendat
1170 1843 1369 1915 qnam
1415 1821 1831 1911 insipientes
1883 1834 1958 1893 et
2012 1822 2214 1893 stulti
2269 1831 2431 1893 sunt

312 1946 435 2038 qui
492 1956 765 2038 petram
820 1965 857 2013 a
912 1939 1195 2016 Christo
1248 1940 1601 2013 fundatam
1684 1953 2007 2014 evertere
2063 1954 2135 2013 ct
2191 1942 2432 2016 divina

314 2062 677 2158 privilegia
732 2065 999 2138 violare
1066 2070 1407 2136 conantur
1445 2053 1575 2158 (1)
1634 2058 1714 2132 ln
1754 2061 1862 2132 bis
1901 2063 2223 2154 precibus
2270 2083 2430 2155 spes

312 2177 601 2256 Nostrae
658 2183 924 2255 firmins
964 2186 1037 2255 in
1080 2178 1231 2257 Deo
1270 2183 1674 2256 consistant.
1727 2205 1760 2250 ι
1808 2178 2174 2256 Putatisne
2217 2205 2431 2256 aver-

315 2316 464 2376 tere
522 2305 783 2396 poterit
838 2299 1030 2376 Deus
1088 2325 1325 2376 aurem
1382 2326 1423 2376 a
1479 2304 1842 2375 carissima
1896 2298 2170 2397 Sponsa
2247 2327 2374 2378 sua
2405 2357 2430 2394 ‚

312 2445 469 2497 cum
526 2427 933 2498 clamaverit
989 2435 1184 2498 stans
1240 2426 1581 2498 adversus
1618 2446 1742 2498 eos
1780 2425 1899 2518 qni
1955 2445 2030 2497 sc
2071 2427 2431 2518 angustia-

311 2557 567 2620 verunt
596 2540 637 2616 ?
689 2543 1055 2636 Quomodo
1142 2568 1282 2618 non
1342 2558 1794 2637 recognoscet
1867 2569 1946 2618 os
2002 2547 2089 2618 de
2154 2549 2427 2621 ossibus

310 2670 451 2740 suis
508 2683 579 2741 et
634 2690 919 2742 earnem
975 2670 1061 2741 de
1119 2689 1335 2743 carne
1392 2690 1517 2742 sua
1551 2716 1570 2752 ‚
1628 2666 1768 2740 imo
1823 2689 1994 2741 vero
2059 2669 2199 2741 iam
2251 2693 2432 2763 quo-

310 2788 675 2862 dammodo
710 2790 1035 2883 spiritum
1072 2790 1157 2860 de
1198 2790 1453 2883 spiritu
1493 2810 1625 2861 suo
1656 2782 1697 2859 ἐ)
1753 2784 1886 2859 Est
1921 2788 2208 2882 quidem
2245 2812 2430 2863 nunc

306 2908 475 2981 hora
513 2909 816 2982 malitiae
872 2922 945 2981 et
1000 2922 1311 3003 potestas
1354 2910 1832 2982 tenebrarum.
1888 2906 2220 2985 Ceterum
2257 2912 2431 2986 hora
2546 2905 2559 2919 ⁰

312 3030 687 3102 novissima
770 3041 879 3103 est
952 3044 1025 3101 et
1108 3042 1417 3123 potestas
1476 3032 1618 3102 cito
1675 3028 1952 3101 transit.
2011 3025 2140 3103 Dei
2207 3032 2431 3107 virtus

309 3161 379 3221 et
435 3147 565 3223 Dei
624 3152 973 3243 sapientia
1027 3148 1361 3223 Christus
1416 3146 1796 3225 Nobiscum
1877 3162 1984 3223 est
2036 3154 2158 3245 qui
2228 3164 2300 3223 et
2356 3155 2429 3225 in

310 3292 521 3345 causa
574 3284 702 3342 est.
761 3268 1145 3355 Confiditc,
1199 3272 1351 3365 ipse
1388 3272 1583 3361 ‚vicit
1634 3272 1978 3345 mnndum
2022 3295 2056 3337 »
2123 3265 2252 3369 (2).
2312 3269 2434 3344 ln-

312 3389 509 3462 terim
590 3412 837 3464 vocem
918 3403 1257 3465 aeternae
1336 3392 1659 3464 veritatis
1725 3412 1976 3483 magno
2052 3394 2284 3465 animo
2359 3404 2432 3465 et

306 3524 499 3583 certa
554 3511 691 3585 fide
747 3534 1119 3607 sequamur
1172 3535 1357 3607 quae
1415 3512 1606 3583 dicit:
1670 3533 1797 3604 pro
1853 3512 2128 3585 iustitia
2188 3514 2432 3604 agoni-

309 3653 465 3703 zare
526 3654 653 3725 pro
708 3633 943 3704 anima
998 3641 1151 3715 tua,
1190 3645 1264 3705 et
1301 3654 1527 3728 usque
1586 3634 1670 3703 ad
1725 3642 2021 3706 mortem
2069 3644 2268 3704 certa
2303 3653 2432 3725 pro

310 3752 611 3831 institia,
643 3765 715 3824 et
758 3747 951 3826 Dens
986 3754 1421 3845 expugnabit
1461 3774 1587 3844 pro
1630 3765 1694 3825 te
1734 3752 2050 3823 inimicos
2099 3763 2254 3825 tuos
2303 3744 2430 3849 (3).

522 3868 895 3945 Uberrima
952 3874 1229 3944 demum
1288 3873 1704 3945 caelestium
1761 3872 2136 3963 gratiarum
2191 3893 2440 3945 munc-

470 4181 549 4264 (1)
594 4182 658 4247 S.
704 4181 903 4265 Greg.
952 4180 1073 4244 vn
1116 4201 1219 4264 ep.
1263 4180 1327 4247 6.
1372 4182 1419 4245 l.
1463 4179 1526 4247 3.

466 4276 549 4357 (2)
592 4272 658 4340 S.
703 4275 893 4340 Bern.
942 4272 1065 4357 Ep.
1110 4272 1253 4340 126.
1298 4294 1363 4338 n.
1406 4274 1469 4341 6.
1516 4282 1581 4340 et
1619 4272 1722 4340 14.

463 4368 547 4451 (3)
591 4366 770 4433 Eccl.
818 4368 881 4449 4,
922 4366 1025 4434 33.
