3292 5275
871 480 988 566 ‚74

877 623 1212 695 canonica
1265 623 1616 696 erectione
1670 624 2040 695 translata.
2100 619 2315 695 Cuius
2371 622 2656 717 quidem
2694 620 2981 697 Decreti

880 743 1021 814 diei
1076 742 1679 836 decimaequartae
1737 744 1995 815 mensis
2053 738 2351 837 Augusti
2408 744 2578 815 anni
2634 746 2986 817 millesimi

878 862 1423 955 octingentesimi
1477 864 1900 955 sexagesimi
1956 863 2231 955 septimi
2280 864 2819 958 exequutionem
2880 867 2987 939 uti

878 976 1319 1076 Apostolieus
1355 980 1731 1075 Delegatus
1789 983 1977 1055 idem
2014 977 2101 1053 Β.
2143 977 2225 1053 Ρ.
2268 978 2356 1053 D.
2402 977 2988 1078 Archiepiscopus

875 1095 1286 1175 Caracensis
1339 1106 1471 1178 sub
1507 1104 1618 1176 die
1658 1103 1974 1177 secunda
2012 1099 2340 1176 Octobris
2380 1104 2581 1175 relati
2620 1105 2782 1175 anni
2821 1106 2989 1178 dare

879 1221 966 1295 de
1021 1244 1210 1295 more
1267 1226 1520 1316 sategit
1548 1246 1574 1312 ;
1630 1235 1843 1316 atque
1910 1244 2145 1295 sacrae
2200 1222 2365 1297 huie
2448 1219 2990 1316 congregationi

879 1344 1386 1417 executorialia
1439 1355 1592 1416 aeta
1651 1343 2153 1417 incunctanter
2193 1344 2485 1416 remisit.

1091 1456 1355 1536 Verum
1411 1464 1687 1555 negotio
1742 1463 1986 1535 eodem
2040 1465 2437 1555 nuperrime
2513 1465 2597 1536 ad
2656 1468 2997 1539 trutinam

883 1586 1137 1654 iterum
1177 1584 1487 1668 redacto,
1517 1594 1589 1654 et
1618 1582 1973 1675 perpensis
2012 1582 2738 1659 animadversionibus
2774 1586 2998 1679 ipsius

884 1697 970 1773 Β.
1012 1699 1092 1773 P.
1134 1699 1219 1774 D.
1280 1698 1584 1775 Victoris
1642 1699 1919 1796 losepbi
1979 1699 2155 1775 Diez
2210 1703 2489 1776 noviter
2544 1706 2631 1776 ad
2694 1700 2999 1799 Episco-

885 1822 1106 1915 palcm
1161 1818 1413 1896 Sedem
1469 1826 1554 1895 de
1609 1819 1793 1899 Coro
1848 1827 2108 1911 evecti,
2163 1846 2289 1897 nec
2345 1847 2486 1899 non
2542 1821 2999 1919 Reipublicae

885 1944 968 2015 de
1023 1938 1406 2016 Benezuela
1460 1941 1815 2017 Praesidis
1873 1945 2376 2018 favorabilibus
2434 1947 2810 2040 precibus,
2868 1948 3003 2023 uti-

883 2066 1022 2137 lius
1076 2076 1150 2137 ct
1203 2066 1670 2157 opportunius
1728 2067 1958 2139 visum
2013 2078 2123 2139 est
2179 2068 2468 2138 relatam
2513 2064 3003 2163 Episcopalem

884 2180 1166 2269 Sedem,
1223 2207 1667 2279 suppressam
1723 2188 1921 2278 prius
1962 2188 2033 2258 in
2072 2182 2321 2261 Civieo
2376 2187 2628 2283 oppido
2665 2190 2752 2261 de
2791 2184 3004 2277 Coro,

885 2309 1260 2378 transferre
1299 2308 1554 2379 iterum
1608 2309 1694 2378 ad
1751 2306 2049 2381 civicum
2097 2305 2426 2401 oppidum
2465 2304 3006 2405 Barquisimeti3

887 2424 1126 2519 ibique
1179 2427 1497 2500 eamdem
1555 2428 1831 2500 noviter
1884 2429 2198 2521 erigere,
2256 2440 2463 2523 atque
2522 2430 3003 2521 redintegrare

886 2546 1077 2621 iuxta
1115 2542 1558 2642 Apostolicas
1616 2543 1917 2620 Litteras
1971 2547 2097 2619 sub
2153 2548 2437 2642 plumbo
2484 2574 2517 2617 α
2567 2544 2673 2621 Ad
2714 2549 3005 2623 univer·

886 2689 1033 2740 sam
1087 2663 1437 2742 Dominiei
1495 2665 1665 2763 Agri
1719 2690 1963 2743 curam
2009 2693 2041 2736 n
2107 2670 2329 2761 magis
2382 2671 2735 2763 expedire.

1095 2783 1296 2878 Quae
1352 2791 1583 2862 omnia
1623 2785 2114 2862 sanctissimus
2154 2786 2495 2865 Dominus
2550 2785 2802 2864 Noster
2860 2813 3009 2864 ma-

891 2921 1048 2981 turo
1105 2910 1359 2982 iterum
1413 2912 1711 2983 consilio
1770 2910 2258 3004 perpendens,
2317 2909 2403 2983 de
2460 2905 2647 2983 Suae
2702 2907 3009 3005 Aposto-

888 3031 1065 3100 licae
1122 3032 1489 3123 potestatis
1545 3031 1981 3123 plenitudine
2048 3029 2609 3124 suppressionem
2675 3033 3001 3126 proposi-

889 3161 1061 3235 tam,
1103 3172 1186 3222 ac
1223 3151 1382 3222 dein
1424 3153 1979 3236 translationem,
2024 3172 2101 3223 ae
2144 3151 2805 3242 redintegrationem
2834 3147 3009 3246 Epi-

887 3273 1186 3362 scopalis
1225 3269 1427 3345 Sedis
1483 3273 1683 3344 iuxta
1742 3271 1991 3344 relatas
2049 3267 2351 3344 Litteras
2392 3265 2828 3365 Apostolicas
2870 3271 3006 3345 sub

889 3393 1174 3484 plumbo
1210 3392 1714 3484 benignissime
1753 3392 2140 3485 adprobare
2179 3390 2501 3484 dignatus
2538 3401 2677 3479 est3
2715 3390 3010 3486 ideoque

890 3513 1060 3586 baec
1094 3536 1277 3607 quae
1317 3525 1714 3608 sequuntur
1746 3517 1817 3585 in
1844 3509 2171 3586 Decretis
2211 3514 2358 3586 fore
2389 3525 2732 3605 perpetuo
2772 3513 3003 3586 iussit.

1211 3625 1281 3706 1.
1338 3629 1607 3706 Habitis
1664 3637 1803 3706 iam
1857 3646 2048 3720 voto,
2106 3645 2176 3704 et
2231 3653 2575 3706 consensu
2631 3628 2717 3704 Β.
2777 3630 2857 3704 P.
2920 3629 3009 3704 D.

889 3749 1194 3828 Victoris
1270 3752 1540 3849 losephi
1607 3750 1781 3826 Diez
1840 3753 2158 3826 hodierni
2216 3747 2545 3846 Episcopi
2623 3753 2707 3824 de
2766 3748 2949 3827 Coro
2982 3802 3009 3834 ‚

779 3941 784 3944 .
888 3895 1312 3949 consensum
1369 3875 1662 3949 aliorum
1700 3861 2315 3970 quorumcumque
2356 3873 2694 3945 interesse
2752 3872 3014 3946 haben-

891 3999 1097 4082 tium,
1157 3999 1270 4069 vel
1324 3995 1588 4069 habere
1643 4007 2027 4090 utcumque
2084 3992 2683 4089 praesumentium
2740 3995 2829 4067 ad
2883 4016 3011 4068 ne-

893 4118 1156 4208 gotium
1212 4117 1296 4188 de
1334 4138 1471 4210 quo
1508 4117 1742 4206 agitur
1780 4111 2133 4188 Sanctitas
2171 4108 2315 4188 Sua
2370 4115 2689 4209 suppleri
2745 4114 3005 4190 voluit.

834 4247 838 4250 ’
1205 4229 1281 4309 2.
1341 4231 1777 4331 Episcopalis
1831 4230 2049 4310 Sedes
2105 4236 2190 4309 de
2248 4232 2432 4308 Coro
2488 4257 2651 4310 cum
2706 4237 3013 4309 caeteris

893 4357 1300 4432 accessoriis
1354 4355 1630 4431 omuino
1686 4358 2160 4455 supprimatur
2173 4380 2200 4447 ;
2254 4370 2467 4456 atque
2504 4352 3014 4432 Consistorialc
