3292 5275
858 492 1010 577 160

853 632 1184 709 Fratrum
1237 623 1657 709 Nostrorum
1719 626 1797 706 S.
1828 626 1917 703 R.
1946 622 2035 705 E.
2113 627 2593 707 cardinalium
2669 635 2993 726 negotiis

851 771 1336 865 propagandae
1391 767 1550 843 fidei
1605 770 2175 863 praepositorum
2230 788 2476 840 omnes
2540 778 2614 841 et
2674 767 2999 861 singulos

851 894 1102 989 quibus
1155 894 1288 967 hae
1344 889 1655 967 Litterae
1713 887 2013 966 Nostrae
2072 892 2313 965 favent
2366 890 2703 984 peculiari
2772 892 2999 965 bene-

851 1012 1137 1087 ficentia
1192 1014 1516 1107 prosequi
1569 1011 1914 1097 volentes,
1946 1023 2019 1084 et
2076 1034 2117 1084 a
2172 1011 2539 1105 quibusvis
2576 1032 3003 1087 excommu-

855 1133 1230 1207 nicationis
1287 1144 1362 1206 et
1399 1130 1779 1215 interdicti,
1812 1131 2107 1225 aliisque
2136 1127 2657 1205 Ecclesiasticis
2696 1145 2995 1207 senten-

852 1255 998 1339 tiis,
1029 1256 1372 1342 censuris»,
1403 1266 1476 1327 et
1533 1252 1803 1347 poeniS,
1841 1252 2091 1347 quovis
2146 1254 2350 1325 modo
2404 1265 2478 1326 et
2529 1276 2997 1351 quacumque

854 1376 940 1448 de
995 1396 1211 1448 causa
1264 1376 1451 1460 latis,
1509 1376 1570 1447 si
1627 1396 1812 1469 quas
1864 1372 2041 1447 forte
2099 1376 2551 1460 incurrerint,
2582 1374 2789 1449 buius
2824 1391 2999 1451 tan-

853 1505 1006 1569 tum
1063 1495 1164 1566 rei
1222 1498 1447 1585 gratia
1483 1495 1931 1567 absolventes
1968 1506 2040 1567 et
2078 1495 2437 1570 absolutos
2476 1497 2620 1569 fore
2688 1518 3001 1573 censen-

857 1628 962 1687 tes
1003 1610 1409 1707 Apostolica
1448 1617 1869 1688 auctoritate
1907 1611 2163 1689 Nostra
2198 1627 2441 1689 tenore
2499 1622 2993 1710 praesentium

853 1736 1328 1822 concedimus,
1361 1746 1448 1810 ut·
1467 1734 1875 1830 supradicta
1904 1731 2266 1808 Missionis
2292 1731 2792 1829 Congregatio‚
2814 1742 2997 1834 quin

855 1851 1182 1929 Sanctam
1215 1854 1468 1931 Sedem
1499 1852 1983 1952 Apostolicam
2040 1858 2129 1927 ad
2183 1857 2701 1950 impetrandam
2738 1860 2809 1930 in
2850 1860 3005 1933 sin-

850 1976 1026 2071 gulis
1082 1979 1359 2050 casibus
1413 1980 1701 2051 veniam
1758 1978 1990 2061 adeat,
2048 1972 2607 2049 Seminariorum
2672 1980 2995 2073 regimen

853 2097 938 2169 ab
991 2094 1386 2171 Ordinariis
1439 2099 1780 2191 excipere,
1836 2098 2215 2192 eademque
2272 2093 2661 2171 Seminaria
2715 2100 2997 2195 absque

853 2197 1344 2309 deputatorum
1398 2220 1810 2294 interventu
1865 2220 1936 2288 in
1995 2216 2485 2311 spiritualibus
2550 2238 2631 2290 ac
2712 2233 3001 2314 tempo-

853 2339 1138 2413 ralibus³
1169 2340 1657 2412 administrare
1712 2338 1934 2410 libere
1974 2360 2056 2411 ac
2094 2339 2285 2410 licite
2326 2340 2573 2431 possit,
2602 2352 2675 2412 et
2712 2344 2995 2429 valeat,

853 2478 936 2531 ea
977 2470 1214 2533 tamen
1249 2464 1431 2553 lege,
1461 2473 1542 2535 ut
1573 2460 1649 2533 in
1686 2459 2005 2532 omnibus
2045 2471 2187 2531 tam
2218 2454 2559 2552 Superior
2598 2466 2995 2552 generali5‚

853 2602 1067 2675 quam
1123 2577 1414 2656 Sodales
1471 2605 1510 2656 a
1566 2580 1966 2676 respectivo
2021 2575 2392 2655 Ordinario
2445 2581 2885 2675 dependere,
2920 2598 3003 2660 et

852 2705 1222 2796 quotannis
1279 2702 1679 2778 reddituum
1734 2705 2077 2775 rationem
2132 2701 2259 2774 sub
2312 2705 2483 2774 anni
2522 2705 2791 2778 exitum
2826 2709 3007 2779 red-

855 2825 1022 2896 dere
1077 2836 1451 2897 teneantur
1506 2823 1992 2918 praesentibus
2046 2823 2321 2898 duobus
2359 2827 2445 2898 de
2474 2819 2842 2919 C'apitulo,
2878 2831 3001 2902 uti

853 2943 1068 3017 etiam
1123 2943 1476 3020 nonnullis
1515 2941 1973 3038 Regularium
2010 2944 2361 3017 institutis
2401 2966 2810 3018 concessum
2848 2961 3001 3028 est,

854 3060 1006 3139 Non
1062 3067 1508 3140 obstantibus
1564 3069 1896 3163 quamvis
1970 3065 2251 3160 speciali
2330 3077 2538 3160 atque
2613 3067 3005 3144 individua

853 3189 1208 3261 mentione
1263 3209 1346 3260 ac
1385 3187 1833 3281 derogatione
1872 3188 2099 3282 dignis
2138 3187 2213 3257 in
2248 3186 2686 3262 contrarium
2722 3187 3011 3263 facien-

855 3309 1046 3386 tibus
1099 3311 1687 3404 quibuscumque.

1068 3425 1326 3503 Datum
1356 3426 1624 3504 Romae
1683 3431 1866 3524 apud
1923 3423 1996 3502 S.
2038 3425 2323 3506 Petrum
2362 3430 2494 3504 sub
2552 3428 2835 3506 Annulo
2868 3427 3007 3504 Pi-

857 3553 1152 3648 scatoris
1180 3551 1296 3622 die
1323 3545 1644 3644 xxvul·
1680 3547 2049 3666 Februarii
2107 3548 2309 3623 Anno
2364 3545 2999 3626 MDCCCLxxlu

854 3668 1318 3745 Pontificatus
1391 3667 1629 3744 Nostri
1685 3669 1895 3745 Anno
1954 3666 2235 3744 XXVII.

1812 3904 1892 3983 F.
1948 3903 2162 3985 Cano.
2220 3903 2599 3995 AsovanS.

859 4147 1042 4228 Loco
1076 4155 1174 4252 ᾖ
1203 4149 1466 4227 Annuli
1521 4147 1904 4228 Piscatoris
