3292 5275
683 631 1233 728 LITTERAE
1299 632 2070 731 APOSTOLICAE
2272 497 2422 586 3¹1

1343 1381 1384 1449 Χ

989 1777 1248 1880 PIVS
1329 1779 1498 1876 ΡΡ.
1581 1779 1739 1875 ΙΧ.

866 2162 949 2214 ΑΒ
1003 2163 1304 2215 ΡΨΙὝῘΙΔΙ
1361 2162 1466 2213 1181
1524 2163 1877 2217 mmmm.

309 2497 710 2664 Universi
747 2581 1099 2660 Dominici
1139 2589 1364 2682 gregis
1433 2609 1683 2664 curam
1740 2588 1814 2661 in
1879 2607 2179 2683 persona
2230 2581 2437 2665 Beati

305 2703 534 2795 Petri,
595 2708 704 2781 cui
760 2720 1082 2780 aeternus
1137 2705 1393 2782 Pastor
1468 2709 1853 2802 pascendas
1916 2710 2209 2783 tradidit
2263 2702 2437 2787 offis

304 2841 377 2900 et
412 2851 654 2920 agnoS,
696 2850 950 2903 arcano
987 2829 1272 2902 divinae
1331 2828 1839 2922 providentiae
1876 2832 2167 2904 consilio
2204 2854 2443 2925 geren-

303 2962 442 3035 tes,
501 2970 590 3023 ne
628 2949 1022 3043 spiritualia
1074 2949 1384 3023 subsidia
1443 2964 1516 3023 et
1557 2952 1978 3024 adiumenta
2030 2952 2433 3027 concredito

302 3068 522 3145 Nobis
561 3072 748 3163 gregi
785 3070 1042 3155 desint,
1083 3069 1200 3143 ubi
1237 3072 1476 3145 ovium
1527 3090 1903 3143 numerum
1940 3072 2257 3145 crevisse
2301 3093 2439 3147 no-

303 3194 635 3277 verimus,
673 3192 771 3261 ibi
810 3203 880 3263 et
916 3185 1246 3263 Pastor-es
1285 3192 1361 3261 in
1413 3189 1822 3263 earumdem
1876 3190 2307 3285 praesidium
2362 3199 2437 3267 et

303 3314 738 3385 commodum
803 3331 1058 3404 augere
1114 3312 1439 3383 solemus.
1500 3307 1647 3382 lam
1702 3329 1878 3385 vero
1932 3330 2149 3405 quum
2201 3332 2287 3385 ea
2341 3317 2436 3388 sit

303 3433 692 3526 amplitudo
748 3434 1088 3505 territorii
1127 3428 1698 3506 Melbouruensis
1742 3428 2106 3506 Ecclesiae
2160 3432 2239 3505 in
2294 3430 2439 3509 Au·

303 3555 634 3630 straliana
724 3550 1084 3627 Victoriae
1151 3550 1474 3641 Colonia,
1553 3565 1627 3626 et
1702 3552 2049 3643 fidelium,
2102 3554 2223 3648 qui
2279 3576 2435 3630 eam

302 3677 650 3761 incolunt,
720 3672 1121 3760 multitudo,
1199 3685 1304 3755 ut,
1339 3696 1428 3747 ex
1493 3672 1853 3747 sententia
1918 3670 2435 3770 Episcoporum

300 3795 696 3870 Australiae
735 3816 818 3869 ac
853 3798 1268 3887 praesertim
1307 3792 1915 3880 Melbournensis,
1956 3815 2142 3868 unus
2180 3792 2437 3870 Pastor

300 3918 510 3989 huius
565 3912 920 3991 Dominici
977 3918 1200 4010 gregis
1239 3916 1424 4009 parti
1468 3916 1835 3990 curandae
1872 3916 2156 3989 nonnisi
2194 3915 2438 3991 diffici-
2494 3978 2499 3982 .

298 4040 367 4111 le
425 4052 550 4133 pa'r
605 4040 724 4125 sit,
765 4042 1008 4115 visum
1059 4044 1167 4109 est
1223 4030 1442 4110 Nobis
1497 4036 1592 4109 in·
1625 4036 1993 4131 spirituale
2034 4038 2318 4111 illorum
2356 4038 2439 4112 fi-

299 4162 568 4234 delium
603 4160 866 4234 bonum
900 4171 974 4235 et
1011 4158 1615 4242 commoditatem,
1674 4169 1751 4233 ut
1806 4158 1883 4230 iu
1940 4158 2261 4250 praefato
2292 4168 2441 4235 ter·

299 4280 550 4353 ritorio
606 4280 780 4354 duas
817 4302 1036 4356 novas
1098 4280 1458 4353 dioeceses
1514 4281 1785 4371 erigere
1823 4278 2157 4351 velimus.
2200 4274 2437 4369 Quare

302 4402 629 4478 omnibus
701 4402 836 4475 hae
897 4422 1112 4495 super
1183 4422 1258 4473 re
1310 4413 1590 4477 mature
1646 4402 2042 4496 perpensis,
2076 4400 2164 4475 de
2220 4396 2441 4477 Vene-
