3292 5275
788 400 806 411 ‘
868 454 1020 537 172

855 600 930 669 ni
987 600 1234 671 citatus
1271 600 1354 673 ad
1383 599 1926 699 comparendum
1981 618 2217 675 coram
2258 595 2617 673 Tribunali
2651 596 2979 675 Iustitiae

853 719 1078 791 noluit
1133 742 1210 791 se
1265 722 1534 805 sistere,
1573 721 1880 811 allegans
1921 720 2535 812 incompetentiam
2563 718 2977 797 Tribunalis

849 836 1014 917 laici
1069 842 1158 915 ob
1213 863 1419 917 suum
1455 842 1932 917 characterem
1970 838 2517 927 Sacerdotalem,
2560 864 2639 915 ae
2684 852 2979 935 propter

852 984 1054 1038 suam
1105 966 1512 1057 qualitatem
1564 958 1822 1035 Vicarii
1876 956 2305 1053 Capitularis
2334 1012 2354 1047 ,
2409 986 2557 1056 qua
2610 964 2975 1055 praeditus

850 1097 960 1158 est
995 1106 1040 1157 a
1075 1086 1188 1157 die
1243 1104 1414 1159 suae
1469 1086 1849 1157 canonicae
1886 1085 2277 1157 electionis.
2314 1079 2552 1173 Quare
2592 1086 2777 1157 idem
2808 1078 2977 1156 Tri-

848 1206 1066 1281 bunal
1104 1202 1460 1279 vicarium
1485 1201 1969 1309 Capit-ularem
2022 1205 2603 1299 suspendendum
2654 1208 2971 1291 censuit,

849 1338 920 1399 et
975 1324 1416 1401 Gubernator
1491 1326 1720 1399 civilis
1796 1327 1909 1399 die
1962 1317 2059 1399 31
2124 1325 2462 1419 praedicti
2517 1323 2831 1399 Ianuarii
2898 1327 2969 1398 ei

849 1447 1244 1523 notificavit
1297 1458 1632 1521 statutam
1680 1458 1929 1521 contra
1966 1446 2195 1541 ipsum
2228 1467 2523 1538 poenam
2560 1447 2973 1538 suspensio-

848 1568 954 1641 nis
989 1590 1030 1641 a
1065 1567 1331 1643 iuribus
1385 1580 1456 1641 et
1494 1569 1945 1642 facultatibus
1984 1568 2321 1641 hactenus
2360 1570 2718 1654 exercitis,
2750 1568 2967 1661 idque

849 1690 936 1761 ob
991 1692 1365 1781 praefatam
1418 1685 1875 1762 Pastoralem'
1902 1684 2229 1780 Capitulo
2288 1690 2837 1775 comunicatam,
2890 1699 2969 1761 et

847 1804 1118 1883 Literas
1169 1813 1574 1884 circulares
1635 1810 1725 1883 ad
1778 1806 2060 1881 Clerum
2115 1804 2386 1882 Insulae
2462 1811 2911 1883 transmissas
2938 1856 2963 1893 ,

848 1942 1090 2003 contra
1145 1952 1360 2024 quam
1419 1930 1903 2022 suspensionis
1956 1948 2251 2023 poenam
2306 1924 2623 2005 Vicarius
2681 1924 2975 2022 Capitu-

843 2043 1020 2125 laris
1077 2053 1536 2125 contestando
1589 2049 2043 2124 denunciavit
2096 2072 2181 2122 ea
2233 2060 2469 2122 mente
2504 2058 2581 2120 ut
2628 2062 2971 2144 opportu-

862 2194 953 2245 no
1011 2188 1318 2267 tempore
1374 2172 1869 2266 dispositiones
1922 2168 2281 2245 canonicae
2338 2187 2547 2245 suum
2582 2168 2971 2243 sortiantur

847 2291 1196 2367 effectum.

1054 2412 1329 2487 Interea
1364 2410 1710 2485 -Decanus
1766 2408 2074 2505 Capituli
2130 2411 2373 2487 habito
2430 2412 2686 2487 nuncio
2752 2412 2969 2487 huius

845 2537 1326 2629 suspensionis
1389 2546 1536 2629 tum
1601 2556 1642 2605 a
1708 2536 1899 2624 regio
1956 2530 2315 2617 Ministro,
2378 2544 2527 2605 tum
2584 2556 2625 2609 a
2679 2529 2969 2605 Vicario

842 2653 1222 2752 Capitulari
1279 2655 1392 2728 die
1433 2647 1470 2728 1
1513 2651 1877 2728 Februarii
1930 2657 2137 2730 huius
2193 2656 2355 2728 anni
2412 2655 2969 2731 extraordinaria

842 2774 1147 2851 Comitia
1175 2778 1626 2863 convocavit,
1661 2787 1733 2849 et
1758 2771 2274 2850 Canonicorum
2312 2775 2497 2848 votis
2536 2787 2689 2869 post
2726 2799 2967 2850 acrem

840 2901 1384 2991 disputationem
1435 2899 1507 2970 in
1561 2899 1731 2970 duas
1788 2901 2119 2991 aequales
2177 2911 2415 2990 partes
2472 2897 2701 2972 scissis
2729 2949 2750 2982 ,
2812 2895 2963 2970 De·-

838 3042 1052 3093 canus
1091 3031 1334 3094 contra
1373 3020 1949 3092 consuetudinem
1986 3019 2254 3112 duplex.
2288 3018 2699 3110 suffragium
2736 3019 2956 3104 dedit,

840 3164 980 3236 quo
1035 3144 1298 3215 factum
1351 3151 1462 3212 est
1493 3189 1514 3225 ,
1573 3151 1653 3214 ut
1708 3141 1899 3212 idem
1957 3137 2283 3214 Decanus
2338 3141 2743 3216 huiusmodi
2805 3143 2971 3233 plu-

842 3265 1122 3336 ralitate
1181 3263 1450 3334 innixus
1505 3261 1817 3354 potuerit
1870 3264 2200 3355 evulgare
2236 3309 2257 3346 ,
2313 3262 2501 3356 quod
2558 3255 2969 3355 Capitulum

841 3386 974 3459 sibi
1029 3386 1484 3478 assumpserit
1523 3381 2069 3456 iurisdictionem
2107 3393 2175 3454 et
2217 3385 2527 3478 regimen
2568 3377 2965 3468 Dioeeesis‚

839 3499 1501 3600 simulqueVieario
1558 3502 1831 3588 indixit,
1874 3515 1953 3578 ut
2007 3502 2231 3596 signa,
2278 3506 2555 3599 quibus,
2596 3500 2781 3576 Sede
2832 3525 2971 3578 va·-

841 3641 1074 3712 cante,
1133 3622 1408 3698 Literae
1471 3626 1930 3710 muniuntur,
1994 3621 2305 3716 Capituli
2364 3623 2763 3698 Secretario
2818 3637 2973 3698 tra-

841 3750 1058 3820 deret.
1101 3745 1430 3821 Pluribus
1485 3769 1576 3818 ex
1627 3747 1980 3838 capitibus
2034 3747 2215 3820 hanc
2270 3747 2729 3838 capitularem
2772 3769 2971 3822 reso-

830 3871 1174 3942 lutionem
1226 3868 1764 3960 impugnandam
1822 3869 2118 3940 adnisus
2172 3878 2280 3940 est
2318 3863 2632 3942 vicarius
2670 3863 2973 3958 Capitu-

831 3992 1019 4076 lariS,
1081 4013 1166 4063 ac
1219 4011 1370 4060 eam
1430 3990 1851 4083 praesertim
1906 3990 1997 4061 ob
2051 4011 2361 4078 causam,
2389 4007 2604 4081 quam
2656 3983 2968 4080 Capitu-

845 4113 1024 4185 lares
1099 4111 1532 4186 unanimiter
1607 4110 1908 4182 confessi
1984 4120 2151 4184 sunt
2200 4111 2275 4182 in
2329 4107 2648 4184 Comitiis
2702 4109 2967 4184 habitis

844 4233 958 4306 die
1022 4221 1115 4305 11
1175 4227 1497 4304 Octobris
1561 4223 1763 4308 1872
1796 4279 1817 4318 ,
1876 4253 1957 4305 ac
2022 4233 2157 4304 sibi
2213 4233 2457 4306 deesse
2532 4241 2967 4325 potestatem

836 4354 1134 4431 cedendi
1195 4357 1549 4431 nominato
1601 4353 1963 4445 florente,
2018 4377 2175 4430 cum
2228 4355 2385 4432 iura
2439 4354 2677 4430 omnia
2726 4354 2805 4428 in
2826 4339 2967 4428 'Vi-
