3292 5275
848 504 1009 705 ³-ss
1111 660 1119 668 ‘
1608 638 2231 735 DECRETVM

1410 899 1471 992 ε’.
1532 896 2076 992 concincir'mms'
2130 918 2425 988 noscitu.

872 2100 1237 2263 Actuosi
1295 2187 1704 2282 iniquarum
1761 2197 2116 2259 sectarum
2171 2187 2506 2271 asseclae,
2551 2183 2674 2276 qui
2731 2184 3003 2279 ubique

871 2311 1019 2383 fere
1074 2330 1308 2381 rerum
1362 2310 1570 2400 potiti
1628 2328 1900 2380 omnem
1959 2316 2369 2400 pervertere
2425 2306 2770 2384 ordinem,
2809 2304 3003 2397 ipsa-

872 2450 1009 2525 que
1046 2428 1582 2501 constitutionis
1621 2422 1973 2500 Ecclesiae
2032 2424 2299 2500 Christi
2356 2426 2816 2499 fundamenta
2857 2428 3008 2497 suf-

873 2550 1111 2623 fodere
1149 2558 1521 2633 conantur,
1552 2548 1765 2621 etiam
1803 2548 1873 2620 in
1913 2550 2258 2623 catholica
2297 2542 2494 2619 ltalia
2537 2546 2771 2642 plebes
2807 2568 3010 2619 com-

872 2693 1157 2745 movere
1213 2673 1514 2755 audent,
1572 2681 1656 2746 ut
1717 2671 2070 2744 imitantes
2141 2670 2482 2744 nefarium
2546 2671 3004 2762 quorundam

875 2787 1407 2865 Helveticorum
1458 2795 1890 2886 exemplum,
1929 2792 2040 2862 ius
2097 2791 2403 2884 eligendi
2461 2790 2786 2885 proprios
2845 2790 3006 2862 aui-

874 2934 1151 2986 marum
1204 2899 1742 2988 curatores'sihi
1781 2912 2110 2986 audacter
2161 2924 2520 3004 usurpent.
2579 2907 2751 2996 Nec,
2815 2912 3010 3005 quod

878 3033 1185 3107 deterius
1240 3043 1373 3120 est,
1410 3033 1629 3106 defuit
1671 3034 1866 3105 inter
1904 3034 2178 3127 aliquos
2219 3033 2732 3126 perditissimos
2773 3035 3011 3104 eccle-

878 3154 1199 3226 siasticos
1255 3153 1475 3240 viroS,
1512 3156 1640 3246 qui
1695 3173 1954 3226 munus
2011 3154 2410 3246 parochiale
2465 3162 2614 3226 tam
2668 3173 3012 3244 perverse

880 3274 1016 3346 sibi
1102 3273 1409 3346 delatum
1488 3274 1876 3366 suscipere,
1935 3284 2145 3366 atque
2209 3275 2420 3346 etiam
2502 3273 2691 3346 obire
2773 3276 3016 3368 impu-

880 3391 1130 3466 denter
1167 3395 1732 3489 praesumpserit.
1779 3389 2218 3467 Detestabile
2257 3415 2426 3466 sane
2463 3395 2779 3483 faciuuS,
2817 3397 3018 3490 quod

884 3508 1456 3588 Ecclesiasticam
1492 3509 1984 3586 Hierarchiam
2042 3517 2298 3587 evertit
2355 3517 2812 3611 funditusque
2857 3539 3020 3611 pes·

884 3633 1163 3706 sumdat
1194 3655 1213 3704 z
1254 3633 1599 3725 siquidem
1636 3631 1998 3708 docendus
2041 3645 2146 3706 est
2175 3633 2511 3732 populus,
2555 3637 2786 3730 inquit
2820 3635 3018 3710 Cae-

886 3752 1169 3826 lestinus
1225 3749 1321 3826 Pa
1333 3775 1448 3846 pa,
1502 3775 1647 3826 non
1709 3751 2132 3852 sequendus,
2191 3778 2483 3856 nosque,
2539 3756 2604 3828 si
2657 3757 3020 3842 nesciunt,

884 3895 1003 3946 eos
1052 3871 1229 3973 quid
1280 3871 1520 3968 liceat,
1556 3871 1817 3974 quidve
1874 3897 2016 3948 non
2073 3873 2311 3963 liceat,
2351 3899 2820 3962 commonere,
2873 3903 3028 3952 non

886 3991 997 4068 his
1076 4013 1489 4068 eonsensum
1562 3993 1912 4092 praebere
1997 3995 2323 4070 debemus
2377 3990 2506 4098 (1).
2563 3994 3024 4072 Temerarius

888 4115 1181 4208 proinde
1236 4137 1447 4188 ausus
1534 4126 1786 4188 contra
1855 4126 2118 4188 statuta
2173 4112 2596 4192 Sanctorum
2651 4114 2962 4192 Patr-um
2995 4171 3020 4202 ‚

852 4325 855 4328 .
890 4237 1159 4310 crimen
1210 4249 1357 4310 tam
1409 4235 1838 4324 ambitionis,
1878 4261 2094 4340 quam
2132 4237 2677 4328 inobedientiae,
2719 4263 2805 4315 ex
2839 4267 3018 4338 quo,

1050 4399 1131 4486 (1)
1173 4401 1330 4472 Can.
1374 4401 1708 4471 Docondm
1743 4403 1788 4474 2
1823 4405 1970 4471 dist.
2011 4403 2118 4473 63.

1415 4575 1449 4592 Q
