<?xml version="1.0" encoding="UTF-8"?>
<!DOCTYPE html PUBLIC "-//W3C//DTD XHTML 1.0 Transitional//EN"
    "http://www.w3.org/TR/xhtml1/DTD/xhtml1-transitional.dtd">
<html xmlns="http://www.w3.org/1999/xhtml" xml:lang="en" lang="en">
 <head>
  <title>
</title>
<meta http-equiv="Content-Type" content="text/html;charset=utf-8" />
  <meta name='ocr-system' content='tesseract 3.04.00' />
  <meta name='ocr-capabilities' content='ocr_page ocr_carea ocr_par ocr_line ocrx_word'/>
</head>
<body>
  <div class='ocr_page' id='page_1' title='image "./piiixpontificis01ixgoog_0776.png"; bbox 0 0 3292 5275; ppageno 0'>
   <div class='ocr_carea' id='block_1_1' title="bbox 867 610 3002 1902">
    <p class='ocr_par' dir='ltr' id='par_1_1' title="bbox 867 610 3002 1902">
     <span class='ocr_line' id='line_1_1' title="bbox 886 610 3002 714; baseline -0.001 -22"><span class='ocrx_word' id='word_1_1' title='bbox 886 645 923 692; x_wconf 67' lang='lat' dir='ltr'><strong>n</strong></span> <span class='ocrx_word' id='word_1_2' title='bbox 970 610 1203 714; x_wconf 71' lang='lat' dir='ltr'><strong>gorius</strong></span> <span class='ocrx_word' id='word_1_3' title='bbox 1256 616 1381 705; x_wconf 61' lang='lat' dir='ltr'><strong>M„</strong></span> <span class='ocrx_word' id='word_1_4' title='bbox 1422 620 1629 691; x_wconf 80' lang='lat' dir='ltr'><strong>aliam</strong></span> <span class='ocrx_word' id='word_1_5' title='bbox 1685 638 1824 691; x_wconf 88' lang='lat' dir='ltr'><strong>non</strong></span> <span class='ocrx_word' id='word_1_6' title='bbox 1878 617 2102 701; x_wconf 80' lang='lat' dir='ltr'><strong>lavat,</strong></span> <span class='ocrx_word' id='word_1_7' title='bbox 2142 626 2214 689; x_wconf 91' lang='lat' dir='ltr'><strong>et</strong></span> <span class='ocrx_word' id='word_1_8' title='bbox 2249 614 2492 689; x_wconf 82' lang='lat' dir='ltr'><strong>oculus</strong></span> <span class='ocrx_word' id='word_1_9' title='bbox 2530 618 2776 710; x_wconf 87' lang='lat' dir='ltr'><strong>plenus</strong></span> <span class='ocrx_word' id='word_1_10' title='bbox 2829 618 3002 709; x_wconf 89' lang='lat' dir='ltr'><strong>pul-</strong></span> 
     </span>
     <span class='ocr_line' id='line_1_2' title="bbox 880 720 2997 824; baseline -0.002 -13"><span class='ocrx_word' id='word_1_11' title='bbox 880 766 920 811; x_wconf 73' lang='grc' dir='ltr'><strong>π</strong></span> <span class='ocrx_word' id='word_1_12' title='bbox 962 762 1125 814; x_wconf 74' lang='lat' dir='ltr'><strong>vere</strong></span> <span class='ocrx_word' id='word_1_13' title='bbox 1184 740 1531 812; x_wconf 84' lang='lat' dir='ltr'><strong>maculam</strong></span> <span class='ocrx_word' id='word_1_14' title='bbox 1586 720 1732 811; x_wconf 82' lang='lat' dir='ltr'><strong>non</strong></span> <span class='ocrx_word' id='word_1_15' title='bbox 1789 738 2238 824; x_wconf 83' lang='lat' dir='ltr'><strong>considerat3</strong></span> <span class='ocrx_word' id='word_1_16' title='bbox 2279 734 2372 808; x_wconf 86' lang='lat' dir='ltr'><strong>ita</strong></span> <span class='ocrx_word' id='word_1_17' title='bbox 2425 736 2728 810; x_wconf 84' lang='lat' dir='ltr'><strong>mundus</strong></span> <span class='ocrx_word' id='word_1_18' title='bbox 2783 736 2997 809; x_wconf 90' lang='lat' dir='ltr'><strong>debet</strong></span> 
     </span>
     <span class='ocr_line' id='line_1_3' title="bbox 878 854 3000 957; baseline -0.002 -24"><span class='ocrx_word' id='word_1_19' title='bbox 878 885 922 933; x_wconf 70' lang='grc' dir='ltr'><strong>π</strong></span> <span class='ocrx_word' id='word_1_20' title='bbox 958 884 1114 935; x_wconf 86' lang='lat' dir='ltr'><strong>esse</strong></span> <span class='ocrx_word' id='word_1_21' title='bbox 1170 862 1289 957; x_wconf 90' lang='lat' dir='ltr'><strong>qui</strong></span> <span class='ocrx_word' id='word_1_22' title='bbox 1349 861 1497 933; x_wconf 77' lang='lat' dir='ltr'><strong>vult</strong></span> <span class='ocrx_word' id='word_1_23' title='bbox 1551 860 1774 931; x_wconf 86' lang='lat' dir='ltr'><strong>aliena</strong></span> <span class='ocrx_word' id='word_1_24' title='bbox 1829 858 2202 951; x_wconf 79' lang='lat' dir='ltr'><strong>corrigere.</strong></span> <span class='ocrx_word' id='word_1_25' title='bbox 2245 880 2284 926; x_wconf 80' lang='lat'><strong>»</strong></span> <span class='ocrx_word' id='word_1_26' title='bbox 2329 854 2437 928; x_wconf 78' lang='lat' dir='ltr'><strong>Ad</strong></span> <span class='ocrx_word' id='word_1_27' title='bbox 2493 858 2726 930; x_wconf 88' lang='lat' dir='ltr'><strong>cultus</strong></span> <span class='ocrx_word' id='word_1_28' title='bbox 2781 878 3000 951; x_wconf 86' lang='lat' dir='ltr'><strong>prae-</strong></span> 
     </span>
     <span class='ocr_line' id='line_1_4' title="bbox 872 977 2998 1070; baseline -0.002 -16"><span class='ocrx_word' id='word_1_29' title='bbox 872 983 1368 1057; x_wconf 71' lang='lat' dir='ltr'><strong>terca³eorum</strong></span> <span class='ocrx_word' id='word_1_30' title='bbox 1422 979 1798 1053; x_wconf 72' lang='lat' dir='ltr'><strong>exterioris</strong></span> <span class='ocrx_word' id='word_1_31' title='bbox 1855 980 2276 1070; x_wconf 80' lang='lat' dir='ltr'><strong>gravitatem</strong></span> <span class='ocrx_word' id='word_1_32' title='bbox 2315 998 2398 1050; x_wconf 85' lang='lat' dir='ltr'><strong>ac</strong></span> <span class='ocrx_word' id='word_1_33' title='bbox 2435 977 2846 1050; x_wconf 74' lang='lat' dir='ltr'><strong>modestiam</strong></span> <span class='ocrx_word' id='word_1_34' title='bbox 2885 978 2998 1049; x_wconf 87' lang='lat' dir='ltr'><strong>di-</strong></span> 
     </span>
     <span class='ocr_line' id='line_1_5' title="bbox 867 1094 2994 1197; baseline -0.004 -20"><span class='ocrx_word' id='word_1_35' title='bbox 867 1094 1171 1197; x_wconf 71' lang='lat' dir='ltr'><strong>ligenter</strong></span> <span class='ocrx_word' id='word_1_36' title='bbox 1253 1102 1614 1174; x_wconf 86' lang='lat' dir='ltr'><strong>attendite.</strong></span> <span class='ocrx_word' id='word_1_37' title='bbox 1674 1094 1769 1171; x_wconf 90' lang='lat' dir='ltr'><strong>Ut</strong></span> <span class='ocrx_word' id='word_1_38' title='bbox 1823 1112 2050 1171; x_wconf 85' lang='lat' dir='ltr'><strong>antem</strong></span> <span class='ocrx_word' id='word_1_39' title='bbox 2105 1098 2432 1171; x_wconf 78' lang='lat' dir='ltr'><strong>docendis</strong></span> <span class='ocrx_word' id='word_1_40' title='bbox 2483 1094 2862 1183; x_wconf 85' lang='lat' dir='ltr'><strong>Fide-libus,</strong></span> <span class='ocrx_word' id='word_1_41' title='bbox 2919 1109 2994 1171; x_wconf 89' lang='lat' dir='ltr'><strong>et</strong></span> 
     </span>
     <span class='ocr_line' id='line_1_6' title="bbox 870 1219 2992 1315; baseline -0.004 -15"><span class='ocrx_word' id='word_1_42' title='bbox 870 1224 1381 1300; x_wconf 79' lang='lat' dir='ltr'><strong>ecclesiasticis·</strong></span> <span class='ocrx_word' id='word_1_43' title='bbox 1414 1219 1822 1293; x_wconf 87' lang='lat' dir='ltr'><strong>ministeriis</strong></span> <span class='ocrx_word' id='word_1_44' title='bbox 1875 1232 2068 1294; x_wconf 85' lang='lat' dir='ltr'><strong>recte</strong></span> <span class='ocrx_word' id='word_1_45' title='bbox 2124 1220 2398 1315; x_wconf 80' lang='lat' dir='ltr'><strong>riteque</strong></span> <span class='ocrx_word' id='word_1_46' title='bbox 2451 1220 2788 1293; x_wconf 83' lang='lat' dir='ltr'><strong>obeundis</strong></span> <span class='ocrx_word' id='word_1_47' title='bbox 2843 1222 2992 1292; x_wconf 88' lang='lat' dir='ltr'><strong>sint</strong></span> 
     </span>
     <span class='ocr_line' id='line_1_7' title="bbox 868 1328 2994 1433; baseline -0.002 -15"><span class='ocrx_word' id='word_1_48' title='bbox 868 1346 1130 1428; x_wconf 78' lang='lat' dir='ltr'><strong>idonei,</strong></span> <span class='ocrx_word' id='word_1_49' title='bbox 1170 1364 1267 1417; x_wconf 80' lang='lat' dir='ltr'><strong>ne</strong></span> <span class='ocrx_word' id='word_1_50' title='bbox 1303 1342 1454 1413; x_wconf 86' lang='lat' dir='ltr'><strong>sitis</strong></span> <span class='ocrx_word' id='word_1_51' title='bbox 1510 1328 1994 1433; x_wconf 80' lang='lat' dir='ltr'><strong>experimento</strong></span> <span class='ocrx_word' id='word_1_52' title='bbox 2045 1342 2390 1425; x_wconf 89' lang='lat' dir='ltr'><strong>contenti,</strong></span> <span class='ocrx_word' id='word_1_53' title='bbox 2428 1342 2620 1433; x_wconf 84' lang='lat' dir='ltr'><strong>quod</strong></span> <span class='ocrx_word' id='word_1_54' title='bbox 2673 1340 2994 1413; x_wconf 81' lang='lat' dir='ltr'><strong>dederint</strong></span> 
     </span>
     <span class='ocr_line' id='line_1_8' title="bbox 874 1459 2994 1559; baseline -0.002 -20"><span class='ocrx_word' id='word_1_55' title='bbox 874 1480 1255 1559; x_wconf 74' lang='lat' dir='ltr'><strong>antequam</strong></span> <span class='ocrx_word' id='word_1_56' title='bbox 1313 1459 1692 1535; x_wconf 78' lang='lat' dir='ltr'><strong>Ordinibus</strong></span> <span class='ocrx_word' id='word_1_57' title='bbox 1729 1464 2164 1535; x_wconf 77' lang='lat' dir='ltr'><strong>initiarentur</strong></span> <span class='ocrx_word' id='word_1_58' title='bbox 2185 1484 2210 1551; x_wconf 84' lang='lat'><em>3</em></span> <span class='ocrx_word' id='word_1_59' title='bbox 2247 1460 2368 1533; x_wconf 87' lang='lat' dir='ltr'><strong>sed</strong></span> <span class='ocrx_word' id='word_1_60' title='bbox 2423 1472 2694 1545; x_wconf 83' lang='lat' dir='ltr'><strong>carate,</strong></span> <span class='ocrx_word' id='word_1_61' title='bbox 2733 1474 2816 1536; x_wconf 90' lang='lat' dir='ltr'><strong>ut</strong></span> <span class='ocrx_word' id='word_1_62' title='bbox 2851 1464 2994 1535; x_wconf 87' lang='lat' dir='ltr'><strong>ini-</strong></span> 
     </span>
     <span class='ocr_line' id='line_1_9' title="bbox 872 1584 2990 1678; baseline -0.001 -18"><span class='ocrx_word' id='word_1_63' title='bbox 872 1590 1021 1661; x_wconf 84' lang='lat' dir='ltr'><strong>tiati</strong></span> <span class='ocrx_word' id='word_1_64' title='bbox 1081 1606 1439 1678; x_wconf 86' lang='lat' dir='ltr'><strong>nunquam</strong></span> <span class='ocrx_word' id='word_1_65' title='bbox 1494 1586 1820 1657; x_wconf 85' lang='lat' dir='ltr'><strong>desinant</strong></span> <span class='ocrx_word' id='word_1_66' title='bbox 1878 1584 1947 1656; x_wconf 90' lang='lat' dir='ltr'><strong>in</strong></span> <span class='ocrx_word' id='word_1_67' title='bbox 2007 1604 2240 1657; x_wconf 89' lang='lat' dir='ltr'><strong>rerum</strong></span> <span class='ocrx_word' id='word_1_68' title='bbox 2315 1604 2666 1655; x_wconf 79' lang='lat' dir='ltr'><strong>sacrarum</strong></span> <span class='ocrx_word' id='word_1_69' title='bbox 2740 1585 2990 1659; x_wconf 86' lang='lat' dir='ltr'><strong>studiis</strong></span> 
     </span>
     <span class='ocr_line' id='line_1_10' title="bbox 869 1700 2990 1801; baseline -0.001 -22"><span class='ocrx_word' id='word_1_70' title='bbox 869 1708 1159 1801; x_wconf 74' lang='lat' dir='ltr'><strong>impigre</strong></span> <span class='ocrx_word' id='word_1_71' title='bbox 1217 1728 1294 1780; x_wconf 88' lang='lat' dir='ltr'><strong>se</strong></span> <span class='ocrx_word' id='word_1_72' title='bbox 1348 1726 1704 1781; x_wconf 79' lang='lat' dir='ltr'><strong>exercere.</strong></span> <span class='ocrx_word' id='word_1_73' title='bbox 1765 1700 1918 1795; x_wconf 86' lang='lat' dir='ltr'><strong>Quo</strong></span> <span class='ocrx_word' id='word_1_74' title='bbox 1991 1715 2263 1797; x_wconf 86' lang='lat' dir='ltr'><strong>spectat</strong></span> <span class='ocrx_word' id='word_1_75' title='bbox 2333 1705 2522 1799; x_wconf 87' lang='lat' dir='ltr'><strong>quod</strong></span> <span class='ocrx_word' id='word_1_76' title='bbox 2595 1702 2990 1779; x_wconf 81' lang='lat' dir='ltr'><strong>Concilium</strong></span> 
     </span>
     <span class='ocr_line' id='line_1_11' title="bbox 868 1822 2995 1902; baseline -0 -3"><span class='ocrx_word' id='word_1_77' title='bbox 868 1824 1263 1901; x_wconf 79' lang='lat' dir='ltr'><strong>Romanum</strong></span> <span class='ocrx_word' id='word_1_78' title='bbox 1347 1828 1658 1900; x_wconf 86' lang='lat' dir='ltr'><strong>habitum</strong></span> <span class='ocrx_word' id='word_1_79' title='bbox 1715 1850 1755 1900; x_wconf 85' lang='lat' dir='ltr'><strong>a</strong></span> <span class='ocrx_word' id='word_1_80' title='bbox 1811 1823 2196 1899; x_wconf 88' lang='lat' dir='ltr'><strong>Benedicto</strong></span> <span class='ocrx_word' id='word_1_81' title='bbox 2279 1822 2465 1897; x_wconf 85' lang='lat' dir='ltr'><strong>xm.</strong></span> <span class='ocrx_word' id='word_1_82' title='bbox 2529 1848 2712 1899; x_wconf 86' lang='lat' dir='ltr'><strong>anno</strong></span> <span class='ocrx_word' id='word_1_83' title='bbox 2801 1824 2995 1902; x_wconf 82' lang='lat' dir='ltr'><strong>lubi-</strong></span> 
     </span>
    </p>
   </div>
   <div class='ocr_carea' id='block_1_2' title="bbox 866 1939 3142 2051">
    <p class='ocr_par' dir='ltr' id='par_1_2' title="bbox 866 1939 3142 2051">
     <span class='ocr_line' id='line_1_12' title="bbox 866 1939 3142 2051; baseline 0.002 -32"><span class='ocrx_word' id='word_1_84' title='bbox 866 1939 1277 2021; x_wconf 63' lang='lat'><strong>1005&#39;1725.</strong></span> <span class='ocrx_word' id='word_1_85' title='bbox 1320 1948 1403 2019; x_wconf 88' lang='lat' dir='ltr'><strong>de</strong></span> <span class='ocrx_word' id='word_1_86' title='bbox 1460 1946 2116 2039; x_wconf 76' lang='lat' dir='ltr'><strong>congregationibus</strong></span> <span class='ocrx_word' id='word_1_87' title='bbox 2159 1948 2476 2021; x_wconf 82' lang='lat' dir='ltr'><strong>decrevit</strong></span> <span class='ocrx_word' id='word_1_88' title='bbox 2529 1944 3000 2023; x_wconf 84' lang='lat' dir='ltr'><strong>Ecclesiasti-</strong></span> <span class='ocrx_word' id='word_1_89' title='bbox 3134 2044 3142 2051; x_wconf 33' lang='grc'><em>,</em></span> 
     </span>
    </p>
   </div>
   <div class='ocr_carea' id='block_1_3' title="bbox 858 2058 3002 4350">
    <p class='ocr_par' dir='ltr' id='par_1_3' title="bbox 865 2058 3002 2629">
     <span class='ocr_line' id='line_1_13' title="bbox 866 2058 2992 2162; baseline -0 -19"><span class='ocrx_word' id='word_1_90' title='bbox 866 2089 1116 2147; x_wconf 88' lang='lat' dir='ltr'><strong>corum</strong></span> <span class='ocrx_word' id='word_1_91' title='bbox 1160 2058 1195 2139; x_wconf 62' lang='lat' dir='ltr'><strong>a</strong></span> <span class='ocrx_word' id='word_1_92' title='bbox 1232 2070 1450 2143; x_wconf 83' lang='lat' dir='ltr'><strong>semel</strong></span> <span class='ocrx_word' id='word_1_93' title='bbox 1506 2070 1575 2139; x_wconf 87' lang='lat' dir='ltr'><strong>in</strong></span> <span class='ocrx_word' id='word_1_94' title='bbox 1630 2088 2046 2162; x_wconf 79' lang='lat' dir='ltr'><strong>unaquaque</strong></span> <span class='ocrx_word' id='word_1_95' title='bbox 2099 2066 2532 2140; x_wconf 86' lang='lat' dir='ltr'><strong>hebdomada</strong></span> <span class='ocrx_word' id='word_1_96' title='bbox 2610 2070 2992 2156; x_wconf 77' lang='lat' dir='ltr'><strong>habendis,</strong></span> 
     </span>
     <span class='ocr_line' id='line_1_14' title="bbox 878 2188 2996 2285; baseline 0.001 -23"><span class='ocrx_word' id='word_1_97' title='bbox 878 2192 1037 2263; x_wconf 70' lang='lat' dir='ltr'><strong>n-in</strong></span> <span class='ocrx_word' id='word_1_98' title='bbox 1092 2188 1347 2285; x_wconf 83' lang='lat' dir='ltr'><strong>quibus</strong></span> <span class='ocrx_word' id='word_1_99' title='bbox 1430 2191 1833 2263; x_wconf 68' lang='lat' dir='ltr'><strong>alternatim</strong></span> <span class='ocrx_word' id='word_1_100' title='bbox 1888 2201 1959 2260; x_wconf 87' lang='lat' dir='ltr'><strong>et</strong></span> <span class='ocrx_word' id='word_1_101' title='bbox 2012 2190 2278 2262; x_wconf 86' lang='lat' dir='ltr'><strong>rituum</strong></span> <span class='ocrx_word' id='word_1_102' title='bbox 2361 2200 2434 2263; x_wconf 89' lang='lat' dir='ltr'><strong>et</strong></span> <span class='ocrx_word' id='word_1_103' title='bbox 2515 2193 2996 2265; x_wconf 85' lang='lat' dir='ltr'><strong>conscientiae</strong></span> 
     </span>
     <span class='ocr_line' id='line_1_15' title="bbox 879 2308 3002 2405; baseline 0.002 -23"><span class='ocrx_word' id='word_1_104' title='bbox 879 2335 915 2382; x_wconf 70' lang='grc' dir='ltr'><strong><em>ι</em></strong></span> <span class='ocrx_word' id='word_1_105' title='bbox 960 2334 1169 2387; x_wconf 71' lang='lat' dir='ltr'><strong>casus</strong></span> <span class='ocrx_word' id='word_1_106' title='bbox 1224 2322 1727 2405; x_wconf 82' lang='lat' dir='ltr'><strong>proponantur,</strong></span> <span class='ocrx_word' id='word_1_107' title='bbox 1767 2308 2266 2397; x_wconf 78' lang='lat' dir='ltr'><strong>discutiantur,</strong></span> <span class='ocrx_word' id='word_1_108' title='bbox 2303 2320 2376 2382; x_wconf 87' lang='lat' dir='ltr'><strong>et</strong></span> <span class='ocrx_word' id='word_1_109' title='bbox 2431 2312 2738 2405; x_wconf 84' lang='lat' dir='ltr'><strong>practice</strong></span> <span class='ocrx_word' id='word_1_110' title='bbox 2797 2336 3002 2387; x_wconf 83' lang='lat' dir='ltr'><strong>exer-</strong></span> 
     </span>
     <span class='ocr_line' id='line_1_16' title="bbox 872 2427 3000 2526; baseline 0.002 -22"><span class='ocrx_word' id='word_1_111' title='bbox 872 2457 909 2504; x_wconf 68' lang='lat'><strong>»</strong></span> <span class='ocrx_word' id='word_1_112' title='bbox 956 2444 1306 2521; x_wconf 81' lang='lat' dir='ltr'><strong>ceantnr3</strong></span> <span class='ocrx_word' id='word_1_113' title='bbox 1340 2456 1373 2499; x_wconf 68' lang='lat' dir='ltr'><strong>n</strong></span> <span class='ocrx_word' id='word_1_114' title='bbox 1422 2432 1752 2526; x_wconf 85' lang='lat' dir='ltr'><strong>quodque</strong></span> <span class='ocrx_word' id='word_1_115' title='bbox 1831 2432 2119 2523; x_wconf 86' lang='lat' dir='ltr'><strong>proinde</strong></span> <span class='ocrx_word' id='word_1_116' title='bbox 2204 2427 2420 2505; x_wconf 82' lang='lat' dir='ltr'><strong>Vobis</strong></span> <span class='ocrx_word' id='word_1_117' title='bbox 2497 2433 2844 2508; x_wconf 81' lang='lat' dir='ltr'><strong>maiorem</strong></span> <span class='ocrx_word' id='word_1_118' title='bbox 2925 2438 3000 2509; x_wconf 88' lang='lat' dir='ltr'><strong>in</strong></span> 
     </span>
     <span class='ocr_line' id='line_1_17' title="bbox 865 2542 2352 2629; baseline -0.003 -2"><span class='ocrx_word' id='word_1_119' title='bbox 865 2556 1153 2629; x_wconf 82' lang='lat' dir='ltr'><strong>modum</strong></span> <span class='ocrx_word' id='word_1_120' title='bbox 1206 2542 1531 2627; x_wconf 84' lang='lat' dir='ltr'><strong>volumus</strong></span> <span class='ocrx_word' id='word_1_121' title='bbox 1586 2555 2169 2627; x_wconf 83' lang='lat' dir='ltr'><strong>commendatum.</strong></span> <span class='ocrx_word' id='word_1_122' title='bbox 2339 2562 2352 2573; x_wconf 83' lang='lat'><strong>·</strong></span> 
     </span>
    </p>

    <p class='ocr_par' dir='ltr' id='par_1_4' title="bbox 858 2671 3002 4350">
     <span class='ocr_line' id='line_1_18' title="bbox 1076 2671 2998 2772; baseline 0.004 -24"><span class='ocrx_word' id='word_1_123' title='bbox 1076 2671 1359 2752; x_wconf 80' lang='lat' dir='ltr'><strong>Ceteris</strong></span> <span class='ocrx_word' id='word_1_124' title='bbox 1415 2696 1593 2749; x_wconf 81' lang='lat' dir='ltr'><strong>vero</strong></span> <span class='ocrx_word' id='word_1_125' title='bbox 1644 2671 2160 2750; x_wconf 86' lang='lat' dir='ltr'><strong>Ecclesiasticis</strong></span> <span class='ocrx_word' id='word_1_126' title='bbox 2222 2697 2346 2750; x_wconf 92' lang='lat' dir='ltr'><strong>eos</strong></span> <span class='ocrx_word' id='word_1_127' title='bbox 2401 2697 2693 2772; x_wconf 84' lang='lat' dir='ltr'><strong>aequum</strong></span> <span class='ocrx_word' id='word_1_128' title='bbox 2751 2693 2864 2754; x_wconf 88' lang='lat' dir='ltr'><strong>est</strong></span> <span class='ocrx_word' id='word_1_129' title='bbox 2923 2683 2998 2756; x_wconf 87' lang='lat' dir='ltr'><strong>in</strong></span> 
     </span>
     <span class='ocr_line' id='line_1_19' title="bbox 862 2795 2994 2890; baseline 0.001 -18"><span class='ocrx_word' id='word_1_130' title='bbox 862 2795 1189 2873; x_wconf 71' lang='lat' dir='ltr'><strong>omnihus</strong></span> <span class='ocrx_word' id='word_1_131' title='bbox 1267 2797 1640 2889; x_wconf 79' lang='lat' dir='ltr'><strong>excellere,</strong></span> <span class='ocrx_word' id='word_1_132' title='bbox 1697 2799 1824 2890; x_wconf 81' lang='lat' dir='ltr'><strong>qui</strong></span> <span class='ocrx_word' id='word_1_133' title='bbox 1877 2798 2226 2872; x_wconf 80' lang='lat' dir='ltr'><strong>excellunt</strong></span> <span class='ocrx_word' id='word_1_134' title='bbox 2283 2799 2654 2888; x_wconf 78' lang='lat' dir='ltr'><strong>dignitate.</strong></span> <span class='ocrx_word' id='word_1_135' title='bbox 2717 2797 2994 2877; x_wconf 85' lang='lat' dir='ltr'><strong>Eorum</strong></span> 
     </span>
     <span class='ocr_line' id='line_1_20' title="bbox 868 2907 2992 3011; baseline 0.002 -20"><span class='ocrx_word' id='word_1_136' title='bbox 868 2917 1133 2991; x_wconf 80' lang='lat' dir='ltr'><strong>idcirco</strong></span> <span class='ocrx_word' id='word_1_137' title='bbox 1167 2939 1209 2990; x_wconf 80' lang='lat' dir='ltr'><strong>a</strong></span> <span class='ocrx_word' id='word_1_138' title='bbox 1246 2907 1465 2989; x_wconf 79' lang='lat' dir='ltr'><strong>Vobis</strong></span> <span class='ocrx_word' id='word_1_139' title='bbox 1503 2919 1690 2990; x_wconf 85' lang='lat' dir='ltr'><strong>ratio</strong></span> <span class='ocrx_word' id='word_1_140' title='bbox 1727 2929 1832 2990; x_wconf 82' lang='lat' dir='ltr'><strong>est</strong></span> <span class='ocrx_word' id='word_1_141' title='bbox 1885 2919 2200 2991; x_wconf 84' lang='lat' dir='ltr'><strong>habenda</strong></span> <span class='ocrx_word' id='word_1_142' title='bbox 2257 2919 2645 3011; x_wconf 84' lang='lat' dir='ltr'><strong>diligenter,</strong></span> <span class='ocrx_word' id='word_1_143' title='bbox 2685 2937 2772 2995; x_wconf 89' lang='lat' dir='ltr'><strong>ut</strong></span> <span class='ocrx_word' id='word_1_144' title='bbox 2813 2927 2992 2996; x_wconf 87' lang='lat' dir='ltr'><strong>nihil</strong></span> 
     </span>
     <span class='ocr_line' id='line_1_21' title="bbox 864 3038 2996 3140; baseline 0.002 -27"><span class='ocrx_word' id='word_1_145' title='bbox 864 3042 941 3113; x_wconf 81' lang='lat' dir='ltr'><strong>in</strong></span> <span class='ocrx_word' id='word_1_146' title='bbox 996 3041 1103 3113; x_wconf 80' lang='lat' dir='ltr'><strong>eis</strong></span> <span class='ocrx_word' id='word_1_147' title='bbox 1159 3038 1807 3132; x_wconf 71' lang='lat' dir='ltr'><strong>ueprebendendum</strong></span> <span class='ocrx_word' id='word_1_148' title='bbox 1863 3041 2164 3133; x_wconf 87' lang='lat' dir='ltr'><strong>populus</strong></span> <span class='ocrx_word' id='word_1_149' title='bbox 2219 3043 2772 3128; x_wconf 77' lang='lat' dir='ltr'><strong>animadvertat,</strong></span> <span class='ocrx_word' id='word_1_150' title='bbox 2811 3067 2996 3140; x_wconf 85' lang='lat' dir='ltr'><strong>quos</strong></span> 
     </span>
     <span class='ocr_line' id='line_1_22' title="bbox 864 3161 2994 3260; baseline 0.003 -26"><span class='ocrx_word' id='word_1_151' title='bbox 864 3164 1167 3234; x_wconf 74' lang='lat' dir='ltr'><strong>manime</strong></span> <span class='ocrx_word' id='word_1_152' title='bbox 1226 3163 1594 3248; x_wconf 84' lang='lat' dir='ltr'><strong>intuetur3</strong></span> <span class='ocrx_word' id='word_1_153' title='bbox 1651 3162 1771 3232; x_wconf 86' lang='lat' dir='ltr'><strong>sed</strong></span> <span class='ocrx_word' id='word_1_154' title='bbox 1827 3161 1924 3234; x_wconf 83' lang='lat' dir='ltr'><strong>ita</strong></span> <span class='ocrx_word' id='word_1_155' title='bbox 1981 3163 2350 3235; x_wconf 83' lang='lat' dir='ltr'><strong>vobiscum</strong></span> <span class='ocrx_word' id='word_1_156' title='bbox 2421 3164 2716 3236; x_wconf 87' lang='lat' dir='ltr'><strong>consilio</strong></span> <span class='ocrx_word' id='word_1_157' title='bbox 2778 3179 2994 3260; x_wconf 83' lang='lat' dir='ltr'><strong>atque</strong></span> 
     </span>
     <span class='ocr_line' id='line_1_23' title="bbox 860 3280 2996 3374; baseline 0.003 -21"><span class='ocrx_word' id='word_1_158' title='bbox 860 3300 1075 3374; x_wconf 76' lang='lat' dir='ltr'><strong>opera</strong></span> <span class='ocrx_word' id='word_1_159' title='bbox 1132 3281 1529 3374; x_wconf 79' lang='lat' dir='ltr'><strong>conspirent</strong></span> <span class='ocrx_word' id='word_1_160' title='bbox 1586 3281 1661 3351; x_wconf 82' lang='lat' dir='ltr'><strong>in</strong></span> <span class='ocrx_word' id='word_1_161' title='bbox 1717 3301 1893 3374; x_wconf 87' lang='lat' dir='ltr'><strong>opus</strong></span> <span class='ocrx_word' id='word_1_162' title='bbox 1967 3280 2362 3367; x_wconf 78' lang='lat' dir='ltr'><strong>ministerii,</strong></span> <span class='ocrx_word' id='word_1_163' title='bbox 2417 3283 2489 3354; x_wconf 86' lang='lat' dir='ltr'><strong>in</strong></span> <span class='ocrx_word' id='word_1_164' title='bbox 2547 3285 2996 3359; x_wconf 81' lang='lat' dir='ltr'><strong>aedificatio-</strong></span> 
     </span>
     <span class='ocr_line' id='line_1_24' title="bbox 858 3397 2987 3495; baseline 0.002 -19"><span class='ocrx_word' id='word_1_165' title='bbox 858 3421 1019 3476; x_wconf 77' lang='lat' dir='ltr'><strong>nem</strong></span> <span class='ocrx_word' id='word_1_166' title='bbox 1062 3399 1415 3495; x_wconf 70' lang='lat' dir='ltr'><strong>Corporis</strong></span> <span class='ocrx_word' id='word_1_167' title='bbox 1490 3397 1793 3488; x_wconf 76' lang='lat' dir='ltr'><strong>Christi,</strong></span> <span class='ocrx_word' id='word_1_168' title='bbox 1849 3413 1925 3474; x_wconf 90' lang='lat' dir='ltr'><strong>ut</strong></span> <span class='ocrx_word' id='word_1_169' title='bbox 1978 3405 2225 3477; x_wconf 85' lang='lat' dir='ltr'><strong>merito</strong></span> <span class='ocrx_word' id='word_1_170' title='bbox 2291 3427 2453 3478; x_wconf 90' lang='lat' dir='ltr'><strong>cum</strong></span> <span class='ocrx_word' id='word_1_171' title='bbox 2505 3403 2718 3480; x_wconf 84' lang='lat' dir='ltr'><strong>Cone.</strong></span> <span class='ocrx_word' id='word_1_172' title='bbox 2785 3403 2987 3480; x_wconf 84' lang='lat' dir='ltr'><strong>Trid.</strong></span> 
     </span>
     <span class='ocr_line' id='line_1_25' title="bbox 858 3519 2999 3624; baseline 0.002 -26"><span class='ocrx_word' id='word_1_173' title='bbox 858 3521 1217 3598; x_wconf 80' lang='lat' dir='ltr'><strong>Ecclesiae</strong></span> <span class='ocrx_word' id='word_1_174' title='bbox 1273 3519 1573 3595; x_wconf 84' lang='lat' dir='ltr'><strong>Senatus</strong></span> <span class='ocrx_word' id='word_1_175' title='bbox 1610 3522 1749 3595; x_wconf 88' lang='lat' dir='ltr'><strong>dici</strong></span> <span class='ocrx_word' id='word_1_176' title='bbox 1807 3525 2098 3614; x_wconf 82' lang='lat' dir='ltr'><strong>possint.</strong></span> <span class='ocrx_word' id='word_1_177' title='bbox 2142 3521 2612 3598; x_wconf 73' lang='lat' dir='ltr'><strong>Perochorum</strong></span> <span class='ocrx_word' id='word_1_178' title='bbox 2661 3549 2999 3624; x_wconf 77' lang='lat' dir='ltr'><strong>praeser-</strong></span> 
     </span>
     <span class='ocr_line' id='line_1_26' title="bbox 864 3644 2996 3746; baseline 0.002 -24"><span class='ocrx_word' id='word_1_179' title='bbox 864 3649 985 3722; x_wconf 73' lang='lat' dir='ltr'><strong>tim</strong></span> <span class='ocrx_word' id='word_1_180' title='bbox 1038 3663 1241 3718; x_wconf 79' lang='lat' dir='ltr'><strong>curas</strong></span> <span class='ocrx_word' id='word_1_181' title='bbox 1292 3655 1365 3715; x_wconf 87' lang='lat' dir='ltr'><strong>et</strong></span> <span class='ocrx_word' id='word_1_182' title='bbox 1418 3644 1840 3718; x_wconf 77' lang='lat' dir='ltr'><strong>industriam</strong></span> <span class='ocrx_word' id='word_1_183' title='bbox 1923 3647 2187 3731; x_wconf 84' lang='lat' dir='ltr'><strong>acuite,</strong></span> <span class='ocrx_word' id='word_1_184' title='bbox 2247 3659 2330 3722; x_wconf 89' lang='lat' dir='ltr'><strong>ut</strong></span> <span class='ocrx_word' id='word_1_185' title='bbox 2381 3671 2473 3722; x_wconf 87' lang='lat' dir='ltr'><strong>ex</strong></span> <span class='ocrx_word' id='word_1_186' title='bbox 2545 3655 2996 3746; x_wconf 83' lang='lat' dir='ltr'><strong>praescripto</strong></span> 
     </span>
     <span class='ocr_line' id='line_1_27' title="bbox 858 3761 2998 3862; baseline 0.002 -19"><span class='ocrx_word' id='word_1_187' title='bbox 858 3766 1179 3843; x_wconf 82' lang='lat' dir='ltr'><strong>eiusdem</strong></span> <span class='ocrx_word' id='word_1_188' title='bbox 1234 3762 1539 3838; x_wconf 84' lang='lat' dir='ltr'><strong>Sanctae</strong></span> <span class='ocrx_word' id='word_1_189' title='bbox 1572 3761 1838 3859; x_wconf 72' lang='lat' dir='ltr'><strong>Synodi</strong></span> <span class='ocrx_word' id='word_1_190' title='bbox 1883 3793 1917 3837; x_wconf 73' lang='grc' dir='ltr'><strong>α</strong></span> <span class='ocrx_word' id='word_1_191' title='bbox 1956 3767 2230 3859; x_wconf 87' lang='lat' dir='ltr'><strong>plebem</strong></span> <span class='ocrx_word' id='word_1_192' title='bbox 2275 3791 2400 3862; x_wconf 89' lang='lat' dir='ltr'><strong>per</strong></span> <span class='ocrx_word' id='word_1_193' title='bbox 2436 3791 2514 3842; x_wconf 90' lang='lat' dir='ltr'><strong>se</strong></span> <span class='ocrx_word' id='word_1_194' title='bbox 2550 3771 2998 3847; x_wconf 85' lang='lat' dir='ltr'><strong>incessanter</strong></span> 
     </span>
     <span class='ocr_line' id='line_1_28' title="bbox 863 3873 3002 3983; baseline 0.003 -21"><span class='ocrx_word' id='word_1_195' title='bbox 863 3911 905 3962; x_wconf 73' lang='grc' dir='ltr'><strong>ιι</strong></span> <span class='ocrx_word' id='word_1_196' title='bbox 944 3873 1322 3973; x_wconf 74' lang='lat' dir='ltr'><strong>instruant,</strong></span> <span class='ocrx_word' id='word_1_197' title='bbox 1400 3897 1477 3960; x_wconf 89' lang='lat' dir='ltr'><strong>et</strong></span> <span class='ocrx_word' id='word_1_198' title='bbox 1554 3881 2023 3962; x_wconf 68' lang='lat' dir='ltr'><strong>Suet-amentis</strong></span> <span class='ocrx_word' id='word_1_199' title='bbox 2105 3887 2453 3976; x_wconf 80' lang='lat' dir='ltr'><strong>reficiant,</strong></span> <span class='ocrx_word' id='word_1_200' title='bbox 2537 3894 3002 3983; x_wconf 80' lang='lat' dir='ltr'><strong>quotidianas</strong></span> 
     </span>
     <span class='ocr_line' id='line_1_29' title="bbox 864 4007 2994 4104; baseline 0.004 -24"><span class='ocrx_word' id='word_1_201' title='bbox 864 4031 907 4080; x_wconf 71' lang='lat' dir='ltr'><strong>n</strong></span> <span class='ocrx_word' id='word_1_202' title='bbox 958 4026 1085 4104; x_wconf 77' lang='lat' dir='ltr'><strong>pro</strong></span> <span class='ocrx_word' id='word_1_203' title='bbox 1140 4011 1403 4103; x_wconf 85' lang='lat' dir='ltr'><strong>populo</strong></span> <span class='ocrx_word' id='word_1_204' title='bbox 1435 4007 1522 4079; x_wconf 80' lang='lat' dir='ltr'><strong>ad</strong></span> <span class='ocrx_word' id='word_1_205' title='bbox 1580 4029 1736 4080; x_wconf 84' lang='lat' dir='ltr'><strong>eum</strong></span> <span class='ocrx_word' id='word_1_206' title='bbox 1793 4029 2035 4101; x_wconf 85' lang='lat' dir='ltr'><strong>preces</strong></span> <span class='ocrx_word' id='word_1_207' title='bbox 2073 4023 2147 4082; x_wconf 89' lang='lat' dir='ltr'><strong>et</strong></span> <span class='ocrx_word' id='word_1_208' title='bbox 2185 4013 2534 4084; x_wconf 83' lang='lat' dir='ltr'><strong>orationes</strong></span> <span class='ocrx_word' id='word_1_209' title='bbox 2587 4013 2994 4102; x_wconf 80' lang='lat' dir='ltr'><strong>effundant,</strong></span> 
     </span>
     <span class='ocr_line' id='line_1_30' title="bbox 861 4127 3002 4228; baseline 0.005 -28"><span class='ocrx_word' id='word_1_210' title='bbox 861 4151 903 4200; x_wconf 73' lang='grc' dir='ltr'><strong><em>ι</em></strong></span> <span class='ocrx_word' id='word_1_211' title='bbox 940 4139 1019 4204; x_wconf 77' lang='lat' dir='ltr'><strong>et</strong></span> <span class='ocrx_word' id='word_1_212' title='bbox 1074 4127 1411 4206; x_wconf 74' lang='lat' dir='ltr'><strong>laudabili</strong></span> <span class='ocrx_word' id='word_1_213' title='bbox 1464 4129 1655 4202; x_wconf 78' lang='lat' dir='ltr'><strong>vitae</strong></span> <span class='ocrx_word' id='word_1_214' title='bbox 1701 4143 1770 4205; x_wconf 82' lang='lat' dir='ltr'><strong>et</strong></span> <span class='ocrx_word' id='word_1_215' title='bbox 1829 4131 2374 4206; x_wconf 78' lang='lat' dir='ltr'><strong>conversationis</strong></span> <span class='ocrx_word' id='word_1_216' title='bbox 2427 4135 2779 4228; x_wconf 82' lang='lat' dir='ltr'><strong>exemplo,</strong></span> <span class='ocrx_word' id='word_1_217' title='bbox 2837 4137 3002 4210; x_wconf 75' lang='lat' dir='ltr'><strong>vir-</strong></span> 
     </span>
     <span class='ocr_line' id='line_1_31' title="bbox 860 4249 2997 4350; baseline 0.004 -28"><span class='ocrx_word' id='word_1_218' title='bbox 860 4271 904 4322; x_wconf 76' lang='lat'><strong>»</strong></span> <span class='ocrx_word' id='word_1_219' title='bbox 946 4249 1251 4334; x_wconf 77' lang='lat' dir='ltr'><strong>tutibus,</strong></span> <span class='ocrx_word' id='word_1_220' title='bbox 1284 4261 1357 4324; x_wconf 82' lang='lat' dir='ltr'><strong>ct</strong></span> <span class='ocrx_word' id='word_1_221' title='bbox 1390 4271 1670 4328; x_wconf 80' lang='lat' dir='ltr'><strong>morum</strong></span> <span class='ocrx_word' id='word_1_222' title='bbox 1723 4252 2093 4347; x_wconf 82' lang='lat' dir='ltr'><strong>disciplina</strong></span> <span class='ocrx_word' id='word_1_223' title='bbox 2131 4251 2458 4330; x_wconf 87' lang='lat' dir='ltr'><strong>omnibus</strong></span> <span class='ocrx_word' id='word_1_224' title='bbox 2497 4257 2997 4350; x_wconf 80' lang='lat' dir='ltr'><strong>praeluceant,</strong></span> 
     </span>
    </p>
   </div>
  </div>
 </body>
</html>
