3292 5275
2196 502 2429 585 .63

1346 636 1420 719 9.

533 880 718 958 Reos
771 886 1104 957 simoniae
1157 880 1666 958 confidentialis
1720 883 1796 955 in
1850 884 2209 959 beneficiis
2260 890 2431 983 qui-

325 1004 658 1092 buslibet,
685 1104 689 1111 ·
713 1006 1220 1101 cuiuscumque
1273 1006 1412 1077 sint
1464 1002 1845 1098 dignitatis.

1319 1235 1444 1318 10.

539 1482 722 1563 Reos
775 1487 1111 1563 simoniae
1165 1484 1372 1561 realis
1423 1486 1518 1559 ob
1571 1486 1953 1578 ingressum
2008 1488 2084 1563 in
2130 1486 2435 1585 Religio·
2503 1533 2511 1542 ·

321 1629 512 1683 nem.
1451 1650 1458 1658 .
1852 1613 1868 1657 e

1326 1839 1449 1923 11.

539 2086 802 2165 Omnes
853 2090 973 2187 qui
1025 2099 1392 2187 quaestum
1445 2090 1785 2165 facientes
1836 2112 1921 2165 ex
1984 2091 2439 2189 indulgentiis

323 2208 620 2307 aliisque
677 2214 922 2305 gratiis
957 2210 1440 2306 spiritualibus
1477 2212 2219 2287 excommunicationis
2272 2234 2443 2289 cen-

319 2354 500 2409 sura
549 2332 982 2431 plectuntur·
1005 2326 1528 2407 Constitutione
1581 2327 1657 2405 S.
1712 2326 1820 2406 Pii
1859 2328 1947 2407 V.
2010 2328 2245 2424 Quam
2290 2330 2443 2437 ple·

323 2476 504 2529 mam
552 2447 634 2539 2,
687 2448 994 2531 ianuarii
1050 2442 1281 2527 1554.

1334 2688 1456 2769 12.

546 2935 965 3034 Colligentes
1003 2940 1493 3034 eleemosynas
1531 2939 1819 3013 maioris
1867 2941 2074 3033 pretii
2112 2963 2239 3037 pro
2274 2945 2448 3017 mis·-

327 3059 460 3144 εἰς,
515 3072 588 3133 et
641 3081 733 3134 ex
788 3061 876 3134 iis
931 3061 1204 3134 lucrum
1257 3071 1651 3155 captantes,
1708 3062 2031 3134 faciendo
2084 3083 2203 3136 eas
2254 3065 2449 3138 cele-

323 3183 524 3256 brari
579 3183 654 3254 in
707 3183 878 3256 locis
915 3183 1034 3255 ubi
1071 3177 1438 3258 Missarum
1491 3183 1837 3280 stipendia
1890 3185 2181 3258 minoris
2237 3188 2445 3282 pretii

233 3315 243 3324 ·
325 3323 492 3378 esse
549 3303 802 3377 solent.

1329 3535 1453 3621 13.

553 3785 814 3863 Omnes
832 3791 956 3884 qui
975 3791 1696 3864 excommunicatione
1718 3792 2151 3867 mulctantur
2179 3793 2253 3864 iu
2272 3788 2454 3866 Con·

329 3911 828 3986 stitutionibus
883 3905 956 3983 S.
1014 3907 1124 3984 Pii
1175 3905 1262 3982 V.
1321 3906 1669 3985 Admonet
1720 3933 1849 3987 nos
1898 3923 2155 4009 quarto
2206 3907 2455 3988 Kalen-

327 4033 464 4106 das
499 4029 760 4126 Aprilis
801 4023 1059 4117 1567„
1115 4028 1507 4106 innocentii
1543 4027 1666 4105 lx,
1706 4027 1907 4121 Quae
1958 4029 2048 4106 ab
2094 4031 2229 4106 hac
2264 4028 2449 4108 Sede

332 4151 570 4246 pridie
623 4174 844 4226 nonas
897 4147 1322 4230 Novembris
1362 4142 1556 4226 1591
1576 4202 1628 4240 .,
1684 4149 2067 4228 Clementis
2102 4149 2287 4228 vul.
2342 4149 2457 4227 Ad

335 4269 658 4346 Romam·
711 4267 1081 4372 Pontifici-3
1133 4293 1380 4346 curam
1431 4261 1560 4347 26.
1617 4268 1805 4349 Iunii
1864 4264 2092 4349 1592.
2146 4286 2234 4350 -et
2287 4268 2460 4348 Ale-

331 4393 591 4472 xandri
643 4389 796 4467 vn.
858 4391 1054 4470 Inter
1134 4411 1404 4471 ceteras
1485 4415 1669 4472 nono
1759 4389 2101 4472 Kalendas
2153 4392 2458 4473 Novem·
