3292 5275
875 459 1033 544 806

877 613 1079 678 tanta
1134 601 1233 676 rei
1285 603 1628 697 gravitate
1685 599 1930 676 deesse
1984 599 2411 674 videremur.
2470 595 2651 674 Nam
2712 621 3013 695 persua-

877 745 1030 796 sum
1049 719 1294 797 'Nebis
1347 735 1480 810 est,
1535 745 1669 798 voe
1720 723 1941 795 etiam
1993 723 2175 794 citra
2228 723 2665 797 hortationes
2702 717 3011 794 Nostrae

876 843 1050 917 haec
1101 845 1286 918 ultro
1339 844 1552 920 fuisse
1602 843 2003 919 effecturos.
2038 839 2365 936 Alioquin
2422 844 2733 918 nondum
2796 863 3011 935 spem

879 983 1160 1038 omnem
1213 965 1601 1038 abiecimus
1655 963 1801 1036 fore
1860 975 1941 1038 ut
1994 985 2147 1048 eas,
2194 985 2369 1059 quae
2444 965 2999 1058 portenduntur,

877 1086 1340 1170 calamitates,
1381 1087 1520 1158 alio
1555 1087 1839 1158 tramite
1876 1081 2067 1158 Deus
2104 1097 2405 1160 avertat.
2442 1081 2585 1158 Nos
2622 1085 2813 1158 enim
2852 1105 3014 1156 mo-

877 1209 1004 1279 ve't
1039 1207 1128 1278 ad
1161 1206 1338 1278 hene
1377 1207 1799 1298 sperandum
1838 1209 2059 1302 pietas
2092 1218 2169 1278 et
2206 1204 2447 1298 religio
2502 1203 2870 1279 Carissimi
2918 1207 3004 1276 iu

873 1323 1374 1400 Christo‘Filii
1409 1323 2033 1400 Nostram-ancisa
2078 1327 2359 1422 losephi
2412 1325 2873 1420 Imperatoris
2928 1337 3011 1398 et

877 1443 1135 1540 Regisr
1154 1468 1362 1543 quem
1395 1445 1534 1522 Nos
1573 1451 1780 1522 novis
1817 1448 2067 1522 litteris
2106 1450 2441 1524 hodierna
2480 1450 2595 1522 die
2634 1449 2725 1520 ad
2764 1451 3013 1539 ipsum

875 1571 1066 1664 datis
1119 1573 1316 1644 enixe
1369 1571 1897 1644 obsecravimus
1932 1617 1955 1655 ,
2010 1591 2101 1642 ne
2174 1591 2485 1664 unquam
2560 1568 3007 1643 committere

880 1691 1086 1773 velit,
1134 1703 1216 1766 ut
1270 1696 1342 1764 in
1397 1694 1824 1786 amplissima
1878 1689 2139 1764 ditione
2194 1713 2319 1764 sua
2384 1694 2799 1765 inhonestae
2830 1711 3013 1765 ser-

875 1812 1088 1886 vituti
1143 1810 1841 1898 tradatur'bleclesim
1898 1825 1971 1884 et
2024 1813 2349 1887 catholici
2406 1814 2607 1885 cives
2660 1815 2821 1888 eius
2880 1815 3016 1884 im-

881 1932 1094 2026 perio.
1127 1935 1416 2008 subiecti
1473 1936 1548 2008 in
1604 1947 1909 2010 summas
1962 1933 2313 2029 angustias
2368 1934 2841 2009 adducantur.

866 2090 875 2099 ·
1008 2079 1014 2085 ·
1093 2049 1442 2145 Quoniam
1497 2074 1673 2132 vero
1722 2057 1925 2130 multi
1978 2055 2319 2134 adversus
2374 2049 2769 2126 Ecclesiam
2832 2077 3012 2129 con-

869 2177 1207 2252 nituntur
1257 2185 1334 2250 et
1379 2199 1572 2250 mora
1604 2179 1903 2270 quaevis
1943 2175 2155 2270 plena
2190 2195 2469 2267 semper
2508 2177 2831 2267 periculo
2870 2189 3013 2264 est,

881 2317 1010 2370 vos
1055 2297 1344 2370 minime
1425 2307 1707 2391 oportet
1788 2298 2063 2372 desides
2129 2299 2663 2391 conquiescere.
2724 2293 3011 2370 Praesit

881 2413 1076 2496 Deus
1127 2419 1469 2493 consiliis·
1501 2421 1787 2506 vestris,
1844 2429 1918 2493 et
1960 2421 2241 2513 ‚potenti
2298 2419 2649 2511 praesidio
2696 2441 2831 2494 suo
2874 2444 3011 2496 vos

876 2542 1203 2625 adiuvet,
1239 2553 1340 2615 ·ut
1391 2563 1574 2636 quae
1629 2542 1718 2613 ad
1770 2541 1983 2614 dcc'us
2020 2538 2337 2615 Nominis
2382 2536 2557 2613 Eius
2614 2541 2685 2610 in
2742 2543 3017 2614 anima-

881 2682 1037 2733 rum
1091 2664 1387 2736 salutem
1440 2665 1735 2735 maxime
1789 2664 2137 2755 pertinent
2188 2664 2629 2735 constituere
2684 2677 2761 2737 et
2798 2664 3017 2757 perfi-

869 2800 1040 2855 cere
1093 2781 1388 2855 feliciter
1443 2785 1759 2859 valeatis.
1802 2782 1883 2855 ln
1940 2782 2332 2877 auspicium
2388 2795 2625 2855 autem
2680 2787 3015 2859 caelestis

863 2904 1085 2979 -huins
1149 2905 1482 2998 praesidii
1537 2918 1610 2978 et
1633 2952 1640 2961 -
1665 2906 2087 2995 praecipuae
2124 2903 2667 2975 benevolentiae
2702 2900 3013 2979 Nostrae

867 3025 1378 3098 -oestimonium
1415 3020 1875 3117 Apostolicam
1918 3020 2509 3100 Benedictionem
2566 3023 2767 3095 vobis
2840 3032 3019 3101 uni-

880 3148 1110 3219 versis
1165 3158 1236 3218 et
1291 3144 1609 3237 magalia,
1650 3144 1900 3219 Dilecti
1960 3140 2118 3217 Filii
2174 3139 2411 3215 Nostri
2445 3155 2523 3216 et
2550 3140 3017 3224 Venerabiles

869 3262 1192 3352 »Bt-atres,
1240 3283 1375 3339 nec
1433 3286 1569 3339 non
1625 3260 1831 3341 clero
1884 3278 1958 3338 et
2010 3262 2330 3339 fidelibus
2396 3267 2803 3357 vigilantiae
2864 3292 3015 3345 ve·-

863 3378 1072 3458 ‘str'ae
1123 3386 1512 3459 commissis
1561 3399 2009 3479 peramanter
2062 3384 2520 3477 impertimus.
2642 3443 2647 3449 .

856 3502 946 3565 1'2
987 3529 1016 3544 ··
1095 3502 1347 3579 Datum
1376 3502 1896 3600 'Rom'ac‘apud
1950 3504 2025 3579 S.
2064 3502 2357 3580 Petrum
2410 3505 2525 3579 die
2580 3505 2703 3581 Vll
2762 3508 3019 3589 Martii

851 3643 1065 3699 anno
1093 3622 1371 3698 Domi-m·
1427 3620 2051 3699 Mncsscnxxtv.
2095 3622 2547 3698 Pontificatus
2585 3624 2831 3705 Nostri
2890 3639 3021 3709 vi-

855 3737 1420 3831 ieestmoetnvo„

855 3918 896 3950 ‹·
966 3878 1070 3930 !·¹·
1173 3888 1250 3927 κε·
1319 3886 1343 3929 ’,
1429 3893 1462 3927 .’

1073 3978 1236 4047 -·''
1285 3984 1322 4049 .’
1463 4013 1534 4049 ω
1627 3983 1855 4061 :PWS
1906 3984 2049 4060 ΡΡ.
2112 3986 2229 4061 tx.

919 4106 930 4117 ο
1197 4100 1237 4116 Ἰ
1359 4107 1366 4117 ⁸
1429 4110 1436 4121 ι

893 4133 930 4150 '⁰
997 4128 1030 4154 1!
1087 4119 1128 4166 Ι,
1199 4139 1209 4154 Ι

1111 4164 1116 4171 s
