3292 5275
931 458 1081 541 186

919 604 1230 675 nicarum
1283 600 1510 691 legum
1587 599 2035 671 severitatem
2088 599 2163 671 in
2220 618 2310 673 ea
2364 597 2759 691 spiritualia
2832 599 3051 677 soda-

827 762 832 767 -
919 722 1098 807 litia,
1123 741 1307 815 quae
1359 741 1486 811 per
1537 719 1711 791 banc
1768 719 2193 814 impietatem
2248 718 2555 795 indolem
2624 740 2823 793 suam
2890 730 3039 793 tam

915 842 1111 915 foede
1168 843 1535 925 vitiarunt,
1593 841 1847 934 illaque
1902 860 2187 931 prorsus
2242 840 2705 925 dissolvendi,
2760 842 3045 935 aliaque

911 963 1382 1048 consociandi,
1439 983 1618 1057 quae
1674 962 1959 1035 nativae
2016 980 2191 1035 suae
2246 959 2675 1035 institutioni
2746 982 3047 1054 respon-

911 1084 1152 1159 deant.
1207 1080 1496 1157 Utinam
1549 1082 2019 1157 consideratio
2074 1082 2561 1175 perversitatis
2614 1084 3043 1159 societatum

909 1206 1170 1301 quibus
1219 1226 1298 1278 se
1353 1204 1747 1279 adscribere
1804 1224 1949 1276 non
2005 1215 2171 1277 sunt
2226 1202 2435 1277 veriti
2495 1214 2597 1276 tot
2650 1203 2977 1279 homines
3016 1254 3041 1291 ‚

909 1326 1029 1421 qui
1083 1326 1466 1400 christiano
1521 1326 1801 1399 nomine
1856 1326 2301 1410 decorantur,
2356 1326 2695 1399 memoria
2748 1327 3049 1401 anathe-

908 1458 1202 1532 matum,
1230 1447 1483 1543 quibus
1539 1447 1799 1520 iterum·
1830 1446 2235 1540 iterumque
2270 1444 2461 1539 ipsae
2500 1444 2825 1521 confixae
2878 1448 3045 1522 fne-

909 1579 1074 1641 runt
1109 1568 1202 1639 ab
1233 1564 1575 1653 Ecclesia,
1607 1566 1997 1662 notitiaque
2036 1566 2456 1641 clementiae
2489 1568 2701 1642 buius
2730 1562 3043 1643 Sanctae

909 1687 1114 1763 Sedis
1165 1710 1330 1784 erga
1384 1689 1715 1783 deceptos
1790 1692 1875 1761 ab
1950 1688 2143 1766 hisce
2216 1689 2477 1763 litteris
2544 1690 2633 1763 ad
2710 1700 3039 1763 errantes

909 1812 1208 1905 perlata,
1247 1830 1370 1883 eos
1425 1811 1498 1881 in
1553 1811 1747 1885 viam
1784 1812 2039 1885 salutis
2072 1810 2392 1897 reducat,
2430 1820 2845 1901 praevertat
2882 1810 3045 1903 plu-

905 1930 1240 2007 rimarum
1297 1930 1687 2006 animarum
1744 1929 2035 2005 exitium
2066 1978 2089 2019 ,
2148 1952 2569 2026 omnemque
2624 1953 2663 2003 a
2718 1942 2789 2005 te
2842 1952 3045 2005 amo-

903 2054 1125 2133 liatur
1197 2053 1598 2129 severitatis
1672 2052 2109 2127 adhibendae
2184 2052 2703 2131 necessitatem.
2760 2046 2843 2123 ld
2908 2074 3039 2127 nos

903 2175 1189 2251 incensa
1241 2196 1279 2244 a
1331 2170 1482 2247 Deo
1533 2192 1743 2268 prece
1798 2174 2177 2267 poscimus,
2212 2174 2285 2245 id
2340 2176 2731 2249 minamur
2790 2184 3043 2266 pasto-

903 2296 1026 2370 rali
1085 2297 1236 2367 zelo
1293 2306 1416 2367 tuo
1454 2341 1477 2379 ,
1533 2294 1604 2367 id
1664 2294 2125 2387 deprecamur
2176 2294 2495 2387 deceptis
2548 2293 2749 2367 bisce
2774 2352 2781 2360 .
2810 2295 3043 2368 omni-

905 2418 1035 2491 bus
1085 2416 1259 2489 filiis
1311 2417 1596 2489 nostris·
1658 2410 1755 2485 Et
1806 2418 2145 2510 quoniam
2200 2416 2443 2489 eadem
2498 2426 2661 2488 vota
2714 2414 2807 2488 ad
2860 2416 3039 2489 alias

903 2560 1184 2635 quoque
1242 2538 1456 2613 istius
1510 2533 1791 2631 Imperii
1848 2536 2201 2623 dioeceses
2258 2537 2726 2624 extendimus,
2766 2535 2843 2611 in
2878 2540 3041 2633 qui-

900 2661 1030 2732 bus
1081 2661 1330 2734 eadem
1385 2661 1570 2731 mala
1629 2671 2096 2750 grassantum
2132 2659 2482 2752 cuphus,
2510 2657 2713 2732 hasce
2750 2660 3035 2734 litteras
3076 2709 3087 2722 -

900 2802 943 2853 a
995 2791 1070 2854 te
1123 2780 1630 2856 communicari
1654 2799 1845 2854 -oum
1881 2773 2417 2857 venerabilibus
2457 2775 2825 2854 Fratribus
2854 2785 3031 2866 tuis,

902 2910 982 2976 ut
1037 2902 1520 2996 unusquisque
1573 2919 1819 2973 eornm
1874 2901 2011 2972 sibi
2068 2901 2465 2995 populoque
2522 2923 2655 2974 sue
2691 2902 2883 2976 dicta
2922 2924 3033 2976 ar-

901 3023 1204 3097 bitretur
1231 3042 1418 3117 quae
1449 3021 1570 3094 tibi
1601 3023 1995 3096 scribimus.
2030 3017 2213 3097 Dum
2251 3043 2425 3096 vero
2464 3023 2783 3096 divinam
2818 3023 3033 3097 obse-

900 3165 1166 3217 cramus
1241 3146 1681 3216 clementiam
1716 3191 1743 3226 ,
1802 3155 1887 3216 ut
1964 3143 2312 3218 desiderio
2366 3138 2621 3216 Nostro
2694 3143 3031 3238 curisque

901 3265 1334 3338 obsecundet
1366 3308 1389 3349 ,
1431 3266 1759 3339 caelestis
1794 3263 2025 3348 auxilii
2063 3283 2671 3357 supernorumque
2706 3263 3029 3339 omnium

901 3405 1280 3459 munerum
1353 3388 1745 3478 auspican,
1804 3405 1891 3457 ao
1954 3384 2165 3456 simul
2236 3384 2665 3478 praecipuae
2722 3379 3027 3458 Nostrae

899 3504 1436 3579 benevolentiae
1501 3507 1757 3599 pignus
1808 3505 1937 3576 tibi
1972 3551 1998 3587 ,
2054 3499 2487 3580 Venerabilis
2540 3499 2825 3590 Frater,
2856 3508 3027 3578 uni-

895 3644 1288 3721 versaeque
1323 3621 1639 3700 Dioecesi
1698 3637 1863 3701 tuae
1902 3621 2469 3700 Benedictioncm
2515 3623 3025 3720 Apostolicam,

895 3760 1348 3840 peramanter
1393 3749 1867 3842 impertimus.

1105 3865 1360 3941 Datum
1418 3865 1682 3943 Romae
1760 3869 1947 3962 apud
1992 3865 2087 3942 ,8.
2143 3865 2429 3947 Petrum
2506 3871 2623 3943 die
2679 3861 2789 3942 29
2848 3865 3019 3944 Maii

897 3983 1104 4061 Anno
1147 3981 1390 4064 4873.
1449 3985 1919 4066 Pontificatus
1966 3985 2205 4066 Nostri
2272 3990 2483 4066 Anno
2554 3987 3023 4082 vigesimose-

894 4109 1142 4202 ptimo.

1197 4247 1220 4286 Ι
1306 4270 1318 4289 ›

1664 4347 1871 4428 Plvs
1924 4275 2063 4432 Pe.
2124 4351 2248 4430 IX.
