3292 5275
863 482 1019 564 408

945 626 1265 683 sterarum
1308 620 1898 700 incorporationum
1943 654 2022 666 --
2066 619 2336 703 Propter
2374 622 2707 683 modernas
2745 653 2830 665 -

942 711 1069 775 diei
1104 708 1189 779 '10
1230 713 1394 775 iulii.
1484 758 1501 775 .
1562 742 1565 745 ⁴
1669 759 1686 775 .
1856 758 1872 775 .
2041 760 2057 775 .
2227 760 2243 775 .
2414 759 2429 776 .
2601 758 2618 775 .
2785 735 2820 773 n
2859 708 2994 779 332

861 898 1212 964 Decretum
1254 898 1318 963 S.
1364 896 1860 981 congregationi
1903 900 2174 967 Concilii
2201 934 2282 949 —-·
2315 900 2656 966 Occasione
2701 899 2826 983 Sy-

940 995 1095 1059 nodi
1132 994 1527 1059 dioecesanae
1568 1030 1647 1041 —
1687 996 1810 1058 diei
1873 994 1954 1060 15
2012 998 2412 1077 septembris.
2460 996 2558 1059 Ad
2609 996 2828 1077 queri·

940 1091 1185 1152 monias
1227 1090 1717 1171 compescendas
1761 1090 2090 1153 cuiusdam
2133 1090 2442 1153 dioecesis
2484 1091 2822 1152 occasione

940 1181 1171 1265 Synodi
1216 1183 1629 1246 dioecesanae
1671 1185 1983 1247 excitatas
2014 1186 2396 1265 praesertim
2441 1199 2638 1265 super
2679 1185 2830 1264 pln-

938 1278 1209 1340 ralitate
1238 1278 1629 1339 electionum
1673 1286 1804 1340 tam
1847 1275 2138 1340 lodicum
2179 1295 2376 1359 quam
2411 1274 2830 1340 Examinato-

936 1388 1083 1433 rum
1128 1370 1567 1452 Synodalium,
1611 1372 1845 1435 horum
1887 1390 2198 1435 numerus
2239 1374 2552 1435 statuitur
2603 1417 2620 1433 .
2790 1392 2826 1429 n
2865 1366 2988 1435 34⁰

861 1555 1194 1621 Allocutio
1238 1558 1455 1622 habita
1500 1558 1601 1622 die
1661 1557 1738 1624 21
1782 1560 2136 1622 decembris
2179 1558 2256 1621 ad
2301 1556 2366 1621 S.
2412 1556 2491 1621 R.
2543 1556 2618 1620 E·
2667 1556 2830 1622 Car-

937 1652 1182 1715 dinales
1247 1655 1309 1714 in
1376 1653 1662 1717 Aedibus
1727 1652 2060 1717 Vaticanis
2121 1686 2201 1696 —
2249 1650 2707 1733 conspicientes
2747 1684 2832 1697 -—

939 1742 1224 1827 Dionysii
1270 1744 1531 1809 Scelhot
1592 1744 1902 1827 Syrorum
1965 1748 2275 1809 hactenus
2340 1747 2826 1827 Archiepiscopi

938 1838 1345 1922 AleppensiS,
1377 1858 1569 1923 quem
1612 1838 1909 1923 Synodus
1951 1834 2415 1922 Episcoporum
2447 1838 2692 1921 Syriaci
2738 1840 2826 1901 ri-

939 1939 1043 1997 tus
1085 1934 1147 1995 in
1192 1930 1637 1996 Patriarcham
1697 1935 2165 1997 Antiochenam
2211 1932 2516 2015 Syrorum
2583 1934 2776 2012 elegit
2805 1976 2825 2009 ,

938 2028 1319 2091 electionem
1363 2028 1718 2092 confirmat.
1765 2026 1886 2090 Sed
1931 2031 1994 2091 in
2035 2029 2305 2092 exordio
2365 2029 2677 2089 sermonis
2721 2028 2822 2089 sni

934 2121 1348 2203 illacrymans
1388 2122 1555 2185 redit
1626 2123 1703 2184 ad
1749 2122 2088 2185 hodiernas
2139 2122 2456 2185 humanae
2497 2122 2824 2185 societatis

934 2216 1377 2293 calamitateS,
1422 2216 1999 2298 improbatumque
2053 2218 2429 2279 coecitatem
2456 2259 2474 2294 ,
2517 2216 2626 2297 qui
2671 2232 2821 2295 cum

935 2308 1376 2389 schismaticis,
1420 2308 1783 2387 haereticiS,
1827 2318 1890 2373 et
1933 2308 2290 2373 infidelibus
2333 2310 2684 2372 consociati
2733 2309 2825 2370 nil

936 2403 1112 2467 aliud
1157 2410 1489 2485 spectant,
1532 2405 1657 2467 nisi
1707 2414 1852 2467 vota
1915 2422 2030 2467 sua
2095 2404 2360 2485 explere
2413 2404 2812 2469 catholicam

934 2496 1361 2579 Religionem,
1406 2498 1457 2560 si
1499 2498 1637 2561 fieri
1691 2504 1940 2580 posset,
1983 2499 2242 2561 omnino
2281 2497 2632 2562 evertendi.
2681 2495 2828 2559 Sin·

934 2592 1207 2674 gillatim
1270 2600 1731 2657 commemorat
1794 2594 2201 2656 inimicorum
2263 2592 2770 2673 conspirationes
2799 2632 2820 2669 ,

932 2686 1167 2768 quibus
1212 2688 1404 2767 gemit
1447 2686 1781 2752 Catholica
1828 2683 2122 2750 Ecclesia
2164 2689 2226 2750 in
2268 2683 2652 2750 Germanico
2699 2683 2825 2746 lm-

932 2781 1137 2864 perio,
1170 2783 1231 2844 in
1264 2780 1585 2859 Helvetia,
1619 2783 1681 2844 in
1717 2779 2066 2845 Americae
2095 2781 2397 2844 centralis
2425 2789 2490 2843 et
2527 2779 2826 2842 meridio-

930 2875 1096 2937 nalis
1138 2875 1509 2955 regionibus
1543 2919 1562 2952 ,
1606 2891 1682 2937 ac
1725 2877 2106 2956 praesertim
2150 2874 2444 2937 acerbam
2487 2891 2628 2935 eam
2671 2889 2824 2953 per·

930 2971 1349 3044 secutionem,
1392 2987 1523 3049 qua
1565 2970 1629 3030 in
1675 2967 1956 3030 Turcico
2011 2967 2292 3050 Imperio
2337 2965 2656 3032 Catholici
2696 2964 2818 3028 Ar—

930 3063 1122 3126 menii
1176 3070 1605 3144 premuntur3
1673 3063 2024 3125 nonnullos
2093 3063 2295 3124 huius
2341 3061 2596 3142 imperii
2644 3060 2821 3122 t'nro-

933 3173 1035 3218 res
1096 3163 1161 3218 et
1222 3153 1529 3219 stultitias
1574 3157 1860 3219 breviter
1903 3157 2236 3218 adnotans.
2284 3155 2576 3218 Meminit
2613 3153 2820 3216 civilis

929 3251 1254 3312 societatis
1298 3250 1850 3332 perturbationem
1897 3252 1978 3313 ab
2023 3251 2142 3311 hac
2173 3249 2504 3314 Ecclesiae
2546 3252 2816 3328 eiusque

934 3343 1172 3406 ini-ium
1216 3345 1630 3424 oppressione
1681 3345 2035 3406 dimanare.
2089 3344 2402 3406 Attamen
2447 3346 2508 3404 in
2552 3349 2648 3404 tot
2687 3349 2824 3404 tan-

935 3439 1143 3517 tisque
1188 3437 1710 3502 tribulationibus
1746 3434 1880 3500 Deo
1909 3439 2408 3500 clementissimo
2451 3444 2662 3516 grates
2705 3435 2814 3495 ha·

934 3531 1201 3608 bendae,
1247 3534 1431 3594 cuius
1476 3549 1597 3612 ope
1644 3527 1988 3612 Episcopi,
2034 3528 2410 3594 Sacerdotes
2436 3574 2455 3607 ,
2499 3540 2564 3592 et
2603 3527 2818 3590 tideles

936 3623 996 3686 in
1040 3623 1385 3688 Germania
1416 3669 1433 3703 ,
1479 3627 1539 3686 in
1584 3624 1884 3687 Helvetia
1914 3669 1931 3702 ,
1977 3626 2040 3686 in
2083 3621 2365 3688 Orientis
2407 3624 2767 3704 regionibus
2793 3665 2812 3696 ,

935 3717 995 3780 in
1041 3718 1376 3781 Amet-icae
1441 3719 1645 3799 plagis
1691 3723 1820 3780 tam
1869 3718 2274 3781 admirabilia
2323 3717 2468 3780 fidei
2521 3714 2812 3795 exempla

934 3811 1315 3874 ediderunt:
1362 3821 1703 3892 propterea
1771 3813 1834 3873 in
1897 3811 2144 3873 orando
2193 3811 2656 3892 persistendum
2682 3852 2701 3885 ,
2741 3815 2816 3868 ut

938 3897 1113 3967 Deus
1152 3923 1406 3968 omnem
1451 3907 1766 3986 populum
1809 3923 2002 3968 suum
2063 3907 2124 3968 in
2169 3905 2418 3985 praelio
2458 3903 2812 3964 confortare

934 4007 1180 4079 pergat.
1298 4044 1311 4058 .
1486 4043 1499 4058 .
1674 4045 1687 4059 .
1861 4045 1874 4060 .
2047 4045 2061 4059 .
2231 4045 2246 4060 .
2417 4043 2432 4058 .
2601 4041 2616 4056 .
2779 4015 2812 4051 n
2848 3991 2987 4060 342

856 4179 1143 4264 Epistola
1200 4183 1540 4266 Encyclica
1584 4187 1660 4248 ad
1705 4203 1923 4250 omnes
1979 4185 2388 4251 Patriarchas
2411 4229 2428 4261 ‚
2473 4185 2804 4257 Primates,

932 4275 1489 4360 Archiepiscopos‚
1537 4279 1917 4361 Episcopus,
1949 4281 2248 4361 aliosque
2291 4281 2585 4342 locorum
2625 4279 2848 4342 Ordi·'

932 4374 1145 4434 uarios
1207 4375 1473 4452 gratiam
1528 4381 1591 4436 et
1644 4376 2158 4438 communionem
2223 4393 2367 4456 cum
2439 4373 2802 4456 Apostolica
