3292 5275
835 437 949 526 72

1048 583 1203 658 vn.
1258 581 1331 657 Si
1386 588 1567 658 torte
1598 582 2039 659 canonicatu
2095 598 2217 658 aut
2271 581 2640 678 Dignitatc
2693 587 2768 660 in
2821 588 2964 660 aii-

831 730 979 803 qua
1020 705 1333 780 Ecciesia
1388 708 1774 798 potiantur,
1814 707 2132 780 habitum
2189 707 2284 778 ibi
2339 719 2616 798 gestent
2672 710 2782 782 sui
2839 731 2962 782 or-

834 831 1021 901 dinis
1076 827 1477 923 proprium,
1510 817 1679 900 ‘nou
1731 825 2224 902 Praelatitium
2255 880 2277 915 ,
2331 841 2626 922 excepta
2679 841 2960 901 tantum

832 963 1031 1024 veste
1084 951 1317 1034 talari,
1358 969 1537 1042 quae
1579 949 1894 1021 violacea
1949 971 2108 1022 csse
2163 951 2453 1042 poterit,
2513 971 2735 1044 eoque
2789 971 2962 1022 con-

836 1065 1106 1145 sidcant
1158 1083 1233 1144 et
1286 1071 1615 1142 incedant
1670 1071 1852 1156 loco,
1909 1072 2028 1164 qui
2084 1073 2257 1163 ipsis
2311 1070 2581 1144 ratione
2636 1069 2960 1144 beneficii

835 1191 1192 1284 competit.
1250 1187 1457 1280 Quod
1524 1192 1589 1262 si
1640 1191 1889 1262 habitu
1943 1187 2362 1265 Praelatitio
2435 1193 2543 1266 uti
2608 1193 2964 1264 nibilomi-

836 1335 971 1386 nus
1025 1311 1267 1394 velint,
1324 1311 1563 1382 sedem
1628 1325 1974 1404 occupent
2037 1314 2212 1404 ipsis
2269 1313 2593 1404 superius
2648 1313 2962 1405 assigna-

838 1443 989 1506 tam
1022 1445 1097 1504 et
1148 1449 1279 1525 pro
1328 1453 1411 1503 ea
1462 1433 1621 1504 vioe
1667 1431 2199 1504 distributiones
2252 1433 2700 1526 quotidianas
2751 1436 2964 1507 amit-

836 1562 1021 1639 tam,
1078 1575 1261 1648 quae
1316 1550 1688 1625 Sodalibus
1743 1565 2174 1627 accrescant.

1046 1667 1233 1745 Vm.
1292 1671 1577 1746 Induito
1632 1675 1983 1764 gaudeant
2039 1675 2298 1767 privati
2335 1669 2646 1748 Oratorii
2703 1674 2795 1748 ab
2829 1671 2964 1748 Or·

837 1796 1107 1868 mario
1161 1793 1487 1868 visitandi
1542 1806 1754 1888 atque
1812 1795 2282 1887 approbandi,
2349 1793 2416 1866 in
2472 1818 2648 1888 quo,
2707 1796 2960 1870 diebus

837 1917 1053 1990 etiam
1089 1914 1656 2001 solemnioribuS,
1695 1916 1770 1985 in
1808 1917 2478 2008 consanguineorum
2515 1923 2588 1988 et
2643 1915 2960 1988 affinium

840 2053 1085 2110 secum-
1154 2037 1738 2118 cohabitantium,
1806 2057 1934 2107 nec
1987 2057 2123 2108 non
2187 2036 2602 2109 famulorum
2669 2057 2960 2110 suorum

838 2147 1233 2252 praesentia
1269 2207 1288 2241 ,
1345 2151 1640 2229 Missam
1687 2156 1806 2231 vei
1861 2173 1985 2248 per
2051 2179 2125 2228 se
2180 2157 2540 2229 celebrare
2572 2206 2593 2243 ‚
2662 2160 2781 2231 vel
2835 2179 2964 2248 per

840 2298 1349 2374 quemeumque
1424 2275 1875 2349 Sacerdotem
1955 2281 2385 2350 saecularem
2433 2279 2575 2350 ·vel
2639 2279 2960 2352 cuiusvis

841 2395 1133 2472 Ordinis
1200 2398 1597 2490 regularem
1657 2399 1794 2471 rite
1865 2400 2234 2492 probatum
2317 2400 2672 2471 celebrare
2725 2401 2962 2471 facere

841 2519 1061 2594 libere
1124 2522 1398 2614 possint
1462 2531 1534 2592 et
1590 2522 1894 2592 valeant.
1962 2515 2340 2612 Privilegio
2403 2533 2636 2592 autem
2691 2517 2962 2592 Altaris

840 2630 1535 2737 portatilis-omnino
1588 2661 1829 2715 carere
1885 2661 1956 2715 se
2011 2642 2260 2713 sciant.

1053 2758 1175 2833 lx.
1234 2759 1349 2834 lus
1396 2747 1654 2835 habent
1701 2764 2082 2837 assistendi
2135 2761 2488 2857 cappellis
2541 2758 2956 2845 Pontificiis,

842 2884 1079 2981 ibique
1133 2882 1445 2957 sedendi·
1482 2890 1641 2976 post
1695 2864 2232 2958 Protonotarios
2285 2880 2832 2977 participantes,

1052 3000 1139 3077 X.
1196 2999 1558 3077 Conficcre
1606 3019 1902 3098 possunt
1958 3004 2134 3079 Aeta
2188 3008 2276 3079 de
2331 3007 2562 3081 causis
2598 2999 2965 3077 Beatifiea-

840 3106 1054 3200 tionis
1112 3136 1183 3197 et
1237 3121 1806 3199 canonizationis
1862 3123 2234 3201 Serrorum
2291 3122 2477 3214 Dei,
2531 3148 2670 3221 quo
2726 3136 2960 3198 tamen

844 3248 1211 3351 privilegio
1270 3248 1370 3323 uti
1428 3226 1830 3341 nequeant,
1877 3247 1970 3319 ‘si-
2001 3270 2089 3322 eo
2137 3252 2278 3323 loci
2335 3251 2514 3323 altor
2567 3248 2654 3319 sit
2710 3268 2750 3319 e
2805 3240 2962 3321 Col-

842 3375 1022 3470 legio
1061 3368 1722 3445 -Protvonotariorum
1774 3362 2372 3463 Participantium.

912 3506 917 3513 ·
1058 3489 1179 3566 XI.
1239 3486 1401 3566 Rite
1456 3492 1816 3585 eliguntur
1878 3490 1949 3561 in
2003 3486 2561 3563 conservatores
2616 3485 2962 3577 Ordinum

843 3598 1319 3710 Regularium,
1376 3614 1449 3685 in
1504 3610 1782 3717 Iudices
1829 3608 2248 3705 Synodalc3‚
2306 3613 2377 3682 in
2428 3608 2962 3684 commissarios

844 3736 1281 3832 Apostolicos
1321 3747 1393 3809 et
1430 3726 1704 3807 Iudices
1761 3756 1799 3803 a
1853 3728 2142 3807 Summo
2175 3730 2516 3805 Pontiflce
2571 3732 2962 3804 adsciscen-

845 3839 1152 3953 dos3pro
1208 3856 1437 3931 causis
1490 3852 2013 3927 Eccl‘esiastiois
2091 3864 2161 3924 et
2223 3848 2726 3926 Beneficiariis.
2791 3847 2962 3922 Item

847 3978 1025 4075 apud
1083 3980 1271 4072 ipsos
1324 3972 1839 4049 Professionem
1895 3967 2096 4045 Fidei
2153 3984 2339 4045 recte
2395 3972 2778 4055 emittunt,
2839 3970 2960 4065 qui

846 4119 929 4177 cx
960 4100 1187 4173 officio
1226 4096 1313 4169 ad
1348 4096 1662 4170 eamdem
1703 4073 2263 4187 adstringuntur.
2305 4092 2484 4166 Item
2519 4113 2755 4167 coram
2793 4090 2960 4185 ipsis

846 4220 1227 4318 pensiones
1284 4218 1673 4293 transferri·
1705 4202 2004 4313 possunt
2045 4218 2138 4289 ab
2177 4218 2292 4301 iis„
2347 4213 2467 4312 qui
2521 4234 2606 4287 eo
2659 4212 2964 4307 gaudent

846 4344 1239 4441 privilegio.
2219 4342 2226 4351 ’
