3292 5275
2255 473 2417 561 285

296 637 434 708 que
492 616 898 712 confirmat.
957 585 1516 716 Cuius.divinae
1599 637 1761 708 erga
1802 610 1965 690 ‚Nos
2037 616 2427 708 benignita-

298 739 390 808 tis
447 738 882 831 praeclarum
934 738 1164 808 extitit
1199 748 1744 836 argumentum,
1798 757 1957 811 cum
2014 736 2161 830 ipse
2202 733 2423 821 DeuS,

296 856 634 933 bonorum
667 857 1504 942 ‚consiliorum-auctor,
1559 858 1742 934 hanc
1789 868 2111 931 mentem
2167 852 2427 933 Fideli-

297 977 432 1050 hus
485 976 770 1081 iniecit,
825 990 906 1053 ut
959 978 1434 1072 praesentium
1507 979 1847 1053 malorum
1904 968 2289 1050 remedium
2350 979 2421 1051 in

296 1096 654 1192 Unigeniti
713 1097 868 1172 Filii
924 1102 1032 1175 sui
1090 1096 1316 1175 Corde
1361 1112 1839 1194 quaererent,
1898 1099 2428 1200 omnium3dul-

299 1222 623 1316 cedinum
678 1224 870 1294 fonte
955 1224 1477 1318 gratiarumque
1535 1222 1895 1297 thesauro.
1950 1215 2103 1310 Quo
2140 1222 2422 1296 iactum

299 1353 431 1427 est,
493 1353 570 1418 ut
625 1347 973 1433 excitatus
1030 1345 1104 1416 in
1159 1342 1678 1436 religiosissima
1734 1341 2146 1442 praesertim
2184 1338 2425 1444 Gallo-

299 1486 458 1538 rum
514 1476 722 1556 gente
757 1486 919 1559 erga
985 1461 1282 1558 SSmum
1337 1461 1478 1551 Cor
1543 1461 1695 1539 lesu
1762 1463 2425 1562 devotionis-ardor

299 1606 507 1678 quam
547 1586 886 1657 citissime
941 1597 1469 1680 propagaretur,
1513 1587 1733 1682 inque
1774 1596 2045 1664 ceteras
2106 1583 2419 1680 regiones

299 1717 640 1778 manaret.
681 1702 918 1800 Nuper
974 1728 1146 1780 vero
1202 1706 1437 1781 dilecti
1497 1704 1618 1779 filii
1676 1706 1875 1782 cives
1916 1705 2154 1801 almae
2212 1701 2421 1803 Urbis

298 1821 625 1909 Nostrae,
683 1829 807 1920 qui
861 1848 1004 1905 non
1047 1827 1959 1924 religionisffminussquam
2013 1827 2425 1924 animisssorff-

301 1949 628 2023 titudinis
685 1962 754 2022 et
809 1950 1252 2023 constantiae
1308 1951 1521 2020 multa
1561 1951 1701 2020 iam
1741 1957 1811 2018 et
1868 1948 2157 2018 illustria
2215 1969 2427 2040 prae-

300 2071 1032 2164 bueruntuexempla,
1081 2091 1174 2164 ⁴eo
1233 2071 1476 2162 ‚magis
1529 2069 1937 2158 laudanda,
1993 2091 2137 2161 quo
2207 2067 2425 2159 magis

299 2189 671 2284 impiorum
726 2193 932 2265 armis
989 2193 1418 2276 obsidemur,
1461 2193 1530 2262 id
1585 2191 1860 2264 consilii
1915 2190 2280 2262 iniverunt
2321 2189 2424 2259 uti

301 2319 635 2409 templum
691 2337 816 2389 seu
872 2337 1138 2389 sacram
1194 2314 1436 2418 aedem
1491 2311 1708 2392 SSti‘to
1762 2311 1925 2390 Iesu
1983 2307 2197 2411 thdi
2234 2324 2427 2403 ,tuuc

301 2437 628 2529 temporis
685 2438 1000 2527 erigendi
1058 2440 1370 2512 solemne
1436 2448 1684 2511 votum
1738 2437 2197 2519 emitterent,
2253 2455 2417 2505 cum

297 2559 414 2630 his
469 2558 724 2630 iactata
783 2558 1106 2634 fluctibus
1158 2559 1518 2634 Ecclesiae
1574 2560 1814 2641 navis,
1872 2553 2020 2631 Deo
2077 2559 2365 2629 favente
2398 2603 2424 2639 ,

299 2682 775 2773 conquiescet.
829 2676 1058 2755 Huius
1112 2678 1254 2755 Nos
1309 2682 1462 2755 voti
1546 2681 1944 2766 formulam,
2001 2702 2038 2751 a
2094 2675 2366 2751 Pianae
2400 2725 2420 2761 ,

299 2813 382 2876 ut
437 2803 691 2889 aiunt,
748 2798 1278 2877 Foederationis
1334 2800 1660 2877 Praeside
1716 2796 1876 2873 xlv
1958 2796 2115 2873 Kal.
2204 2795 2423 2872 Octo·-

298 2922 444 2993 bris
499 2926 886 3019 praesentis
967 2924 1134 2996 anni
1169 2972 1191 3009 ,
1249 2926 1487 2997 multis
1545 2922 1978 2995 adstantibus
2052 2917 2125 2991 S.
2182 2914 2269 2989 R.
2329 2914 2423 3001 E,

295 3042 622 3117 Patribus
677 3040 1160 3123 Cardiualibus
1217 3058 1289 3117 et
1341 3040 1705 3118 Romanae
1746 3036 2001 3115 Curiae
2041 3038 2415 3124 Praelatis,

295 3186 426 3238 nec
481 3188 624 3237 non
681 3162 1186 3257 Religiosorum
1239 3161 1586 3237 Ordinum
1641 3158 2001 3236 Moderato
2018 3161 2205 3233 ribus
2246 3209 2267 3245 ,
2328 3162 2429 3233 al·-

295 3306 453 3359 mae
507 3282 719 3358 Urbis
757 3283 1114 3370 ParocbiS,
1157 3284 1586 3378 delectisque
1644 3308 1737 3357 ex
1791 3286 1985 3356 omni
2042 3295 2247 3356 coetu
2302 3280 2429 3354 laia

296 3410 400 3481 cis
455 3408 654 3492 viris,
713 3408 1098 3481 exhibitam
1150 3404 1360 3481 Nobis
1414 3418 1620 3500 atque
1680 3405 2081 3498 perlectam,
2136 3414 2423 3478 votum-

295 3552 438 3625 que
497 3531 722 3623 ipsum
777 3528 1153 3623 perlibenti
1195 3526 1422 3603 animo
1459 3528 1873 3620 excepimus
1931 3538 2002 3599 et
2056 3524 2425 3599 confirma·-

295 3653 584 3725 vimus:
635 3662 998 3743 praeterea
1054 3661 1256 3722 actae
1297 3650 1395 3721 rei
1437 3648 1842 3721 memoriam
1882 3660 1954 3720 et
1990 3648 2219 3719 emissi
2280 3645 2427 3720 voti

297 3772 796 3861 obligationem
849 3765 1152 3842 Decreto
1208 3765 1383 3841 Ven.
1445 3766 1717 3842 Fratris
1764 3762 1999 3847 Nostri
2056 3762 2263 3839 Urbis
2298 3762 2429 3839 Vi-

299 3891 525 3978 carii,
585 3891 744 3963 dato
799 3886 890 3961 X.
949 3886 1100 3961 Kal.
1162 3886 1590 3982 Septembris
1645 3892 1863 3964 huius
1920 3890 2077 3961 anni
2117 3938 2138 3974 ,
2194 3889 2429 3964 consi-

298 4014 646 4105 guandam
685 4012 1199 4095 mandavimus„
1238 4007 1332 4082 Ut
1371 4034 1543 4085 vero
1581 4011 2173 4105 auspicatissimae
2231 4012 2419 4084 eius-

299 4134 458 4204 dem
499 4133 594 4205 rei
637 4134 1020 4205 solemnius
1082 4132 1364 4225 aliquod
1403 4155 1479 4203 ac
1517 4145 1934 4226 perpetuum
1982 4142 2253 4205 extaret
2311 4132 2429 4205 do-

301 4266 766 4337 cumentum,
827 4264 1226 4345 praesentes
1285 4274 1562 4346 quoque
1619 4247 2058 4343 Apostolicas
2116 4250 2423 4325 Litteras

301 4373 651 4455 dedimus,
709 4373 962 4467 quibus
1015 4373 1404 4467 praefatum
1460 4371 1721 4446 civium
1756 4368 2229 4447 Romanorum
2286 4396 2422 4445 vo-
