3292 5275
775 495 931 578 388

856 637 1054 697 iorem
1128 631 1862 696 excommunicationem
1933 629 2224 708 aliasque
2294 645 2598 691 censuras
2665 634 2728 691 et

852 743 1091 810 poenas
1132 725 1603 789 ecclesiasticas
1631 723 1999 800 incurrisse,
2031 722 2128 784 uti
2160 721 2534 784 decreverat
2558 719 2732 804 Apo-

852 821 1095 883 stolicis
1137 819 1395 883 Litteris
1442 818 1545 880 die
1608 815 1692 882 26
1749 816 1962 879 martii
2002 810 2162 880 186⁰
2211 815 2396 878 datis.
2451 813 2729 878 Tandem

852 920 1157 995 paternae
1199 913 1537 976 charitatis
1579 929 1707 974 non
1744 911 2080 972 immemor
2121 909 2534 972 vehementer
2574 927 2732 971 exo-

851 1013 1015 1089 ptat,
1061 1014 1136 1069 ut
1177 1005 1391 1069 hostes
1416 1001 1771 1083 Ecclesiae,
1815 1003 2078 1065 mutatis
2118 1003 2424 1079 consiliis,
2468 1003 2733 1065 redeant

850 1099 931 1161 ad
972 1115 1117 1177 cor,
1166 1099 1231 1161 in
1283 1115 1475 1177 quem
1522 1098 1716 1161 finem
1777 1095 2064 1158 assiduas
2124 1094 2525 1158 commendat
2586 1112 2733 1176 pre-

850 1211 956 1256 ces
1030 1240 1045 1254 .
1214 1239 1228 1252 .
1400 1239 1413 1254 .
1584 1237 1599 1252 .
1775 1236 1790 1253 .
1961 1235 1975 1249 .
2145 1234 2160 1248 .
2331 1235 2345 1250 .
2515 1234 2530 1250 .
2701 1185 2890 1254 »263

770 1375 1067 1461 Epistola
1109 1414 1139 1427 ·
1186 1379 1422 1446 Gravis
1462 1389 1519 1444 et
1558 1381 1784 1443 acerba
1825 1376 2100 1442 conditio
2139 1411 2170 1424 -
2210 1378 2310 1441 die
2349 1373 2432 1443 12
2471 1395 2734 1444 novom-

847 1473 980 1534 bris
1028 1473 1107 1536 ad
1150 1471 1495 1556 losepbum
1544 1471 1950 1555 Hippolitum
1981 1470 2550 1552 Archiepiscopum
2595 1469 2726 1533 Tu·

848 1561 1207 1630 rouenseni.
1267 1566 1629 1630 Teterrimo
1685 1563 1971 1630 Galliam
2023 1567 2192 1628 iuter
2245 1571 2310 1628 et
2357 1563 2728 1628 Borussiam

847 1661 1170 1723 saeviente
1199 1661 1399 1738 bello,
1422 1659 1629 1724 eidem
1649 1659 2152 1740 Archiepiscopo
2179 1677 2290 1722 eas
2311 1665 2527 1740 partes
2555 1675 2730 1721 com-

786 1785 793 1794 ·
848 1751 1065 1830 mittit,
1117 1759 1215 1831 ut,
1271 1754 1543 1818 caeteris
1585 1755 1650 1815 in
1701 1751 2095 1834 Episcopatu
2143 1751 2428 1832 Collegis
2476 1751 2728 1816 adiuto-

848 1845 1029 1910 ribus
1078 1847 1375 1911 adhibitis
1402 1889 1420 1925 ‚
1470 1853 1813 1926 utramque
1864 1851 2216 1910 certantem
2271 1847 2590 1908 nationem
2650 1844 2730 1906 ad

845 1946 1193 2022 exoptatae
1236 1941 1417 2022 pacis
1470 1941 1740 2003 consilia
1790 1958 1909 2021 pro
1957 1958 2075 2002 suo
2137 1940 2451 2020 cuiusque
2515 1940 2684 2001 bono
2708 1983 2726 2014 ,

848 2035 1078 2098 maiori
1124 2053 1251 2116 qua
1303 2041 1516 2116 potest
1556 2036 1962 2097 contentione
2003 2033 2266 2096 inducat
2331 2079 2344 2092 .
2515 2079 2528 2092 .
2699 2055 2732 2092 »
2771 2031 2891 2098 278

770 2218 1121 2288 Decretum
1164 2257 1195 2269 -
1246 2221 1778 2301 Quemadmodum
1819 2219 1987 2284 Deus
2025 2253 2056 2266 -
2099 2222 2202 2285 die
2254 2221 2296 2288 8
2341 2211 2750 2298 decembris,⁴

846 2335 977 2397 quo
1010 2314 1074 2379 S.
1103 2314 1336 2399 loseph
1357 2314 1680 2398 Deiparae
1710 2314 1992 2396 Virginis
2035 2312 2496 2379 Immaculatae
2527 2313 2728 2395 Spon-

846 2427 955 2474 sus
1010 2410 1383 2476 Catholicae
1430 2409 1766 2474 Ecclesiae
1808 2407 2130 2474 Patronus
2175 2412 2605 2474 constituitur.
2697 2433 2727 2468 »
2767 2409 2889 2476 282

768 2597 1007 2663 Similis
1054 2629 1083 2645 ·
1128 2598 1333 2665 Sacra
1376 2595 1643 2663 Rituum
1693 2595 2108 2681 Coum-cyolio
2149 2631 2178 2645 -
2237 2595 2320 2664 22
2375 2598 2726 2663 decembris

845 2693 922 2756 ad
955 2692 1430 2776 praecavendas
1458 2694 1713 2773 aliquot
1743 2693 2254 2772 irregularitates
2285 2695 2344 2755 in
2377 2691 2726 2757 Servorum

848 2786 967 2852 Dei
1018 2789 1273 2853 actibus
1322 2786 1729 2851 conficiendis
1777 2832 1790 2847 .
1960 2832 1974 2847 .
2141 2833 2154 2847 .
2329 2832 2342 2847 .
2513 2832 2528 2847 .
2701 2811 2730 2843 »
2767 2785 2888 2851 28¹1

1558 3256 1851 3325 MDCCC
1863 3257 2090 3323 Lxxt.

766 3535 1054 3622 Epistola
1097 3576 1125 3589 -
1166 3540 1449 3605 Ecclesia
1490 3540 1613 3606 Dei
1651 3574 1680 3587 -
1721 3542 1824 3605 die
1885 3538 1928 3606 2
1987 3542 2198 3604 martii
2241 3542 2320 3605 ad
2363 3540 2723 3607 Constanti·

842 3653 998 3698 num
1028 3632 1092 3699 S.
1116 3634 1196 3698 R.
1222 3634 1301 3697 E.
1334 3633 1742 3701 Cardinalem
1773 3635 2008 3701 Patrizi
2045 3634 2434 3718 Episcopum
2469 3635 2725 3699 Ostien-

842 3748 975 3793 sem
1018 3738 1084 3794 et
1126 3728 1533 3793 Veliternum
1580 3727 1760 3794 Sacri
1805 3729 2244 3796 cardinalium
2289 3728 2562 3811 Collegii
2599 3728 2724 3791 De·

842 3840 1073 3887 canum
1104 3822 1434 3887 Vicat-ium
1474 3825 1541 3887 in
1580 3826 2025 3907 spiritualibus
2053 3823 2438 3888 Generalem
2476 3822 2720 3886 Romae

843 3918 1111 3999 eiusque
1154 3917 1499 3981 districtus.
1548 3916 1830 3983 Stultam
1872 3918 2261 3981 calumniam
2305 3917 2543 3980 refellit
2580 3935 2726 3998 per·-

842 4010 1157 4073 duellium
1196 4010 1625 4076 dictitantium
1657 4011 2019 4075 Romanum
2043 4009 2414 4075 Pontificem
2457 4008 2722 4074 Patrum

843 4100 1179 4166 Societatis
1232 4101 1379 4166 lesu
1423 4108 1694 4171 consilio
1736 4106 1995 4169 omnino
2040 4107 2218 4186 regi:
2265 4105 2574 4167 eiusmodi
2619 4122 2726 4167 ca-

840 4196 1125 4258 lumniae
1174 4212 1435 4259 causam
1473 4199 1799 4279 patefacit:
1845 4199 2176 4262 Absurdas
2215 4196 2550 4278 Subalpini
2589 4196 2728 4262 Gu-

842 4289 1043 4352 bernii
1092 4290 1407 4353 invasoris
1448 4293 1915 4368 concessiones,
1968 4312 2131 4373 quas
2178 4299 2409 4355 vocant
2446 4310 2723 4372 quaren-

840 4380 991 4465 tiqie
1032 4384 1323 4450 breviter
1365 4384 1670 4466 pertingit
1771 4431 1782 4444 .
1955 4433 1968 4447 .
2137 4432 2150 4449 .
2322 4430 2335 4445 .
2508 4430 2523 4445 .
2693 4408 2726 4443 n
2765 4382 2886 4452 286
