3292 5275
2252 484 2411 579 207

293 642 396 712 sic
447 660 529 711 ea
583 618 758 733 quae
795 633 1118 711 Ecclesia
1167 616 1518 711 traditae
1555 640 1763 711 docet
1794 639 2249 729 interpretari
2290 639 2413 712 ni-

293 762 498 843 titur,
533 771 612 830 ut
665 780 799 831 non
860 762 1062 851 plane
1119 760 1516 851 discrepent
1573 780 1612 831 a
1670 759 1951 851 propria
2020 759 2409 831 sententia.

293 874 448 951 Non
501 880 754 951 desunt
807 879 986 949 enim
1041 890 1112 950 et
1165 880 1372 951 hodie
1425 878 1544 971 qui
1581 898 1775 951 mero
1826 880 2201 952 voluntatis
2236 880 2399 953 nisu

293 1000 712 1071 veritatibus
773 1010 1094 1073 recenter
1139 996 1470 1073 ,definitis
1544 998 2053 1081 adhaeserint,
2114 1000 2405 1073 vitaturi

294 1120 560 1191 scilicet
616 1118 1022 1193 schismatis,
1053 1130 1292 1191 notam
1347 1121 1707 1211 ipsamque
1780 1142 1975 1205 suam
2004 1120 2403 1209 ,decepturi

295 1240 794 1313 coiiscientiam
825 1262 850 1327 ;
881 1304 886 1311 .
923 1250 993 1313 at
1065 1240 1350 1311 minime
1424 1240 1913 1331 deposuerint:
1958 1240 2403 1313 altitudinem

296 1362 738 1434 extollentem
788 1380 871 1433 se
923 1362 1287 1433 adversus-1
1313 1359 1691 1435 scientiam·
1730 1346 1897 1447 Dei,
1944 1381 2077 1436 nee
2146 1362 2233 1433 in
2286 1382 2409 1435 ca·-

295 1482 694 1572 ptivitatem
730 1482 1122 1573 redegerim.
1165 1483 1606 1555 intellectum
1643 1483 1721 1554 in
1756 1481 2177 1573 obsequium
2212 1474 2417 1552 Chri-

297 1602 418 1670 sti.·
471 1594 544 1669 Si
599 1602 896 1671 latenter
947 1601 1342 1672 huiusmodi
1399 1602 1759 1692 opiniones
1824 1603 2041 1672 menti
2116 1613 2409 1673 vestrae

295 1721 748 1812 subreperent
799 1722 1092 1815 eiusque
1129 1724 1550 1813 potirentur,
1587 1720 1935 1813 speranda
1974 1731 2167 1793 certe
2204 1720 2411 1793 vobis

297 1862 437 1913 non
513 1856 694 1913 esset
770 1845 889 1913 illa
952 1842 1397 1915 firmitas-et-
1426 1843 1651 1913 virtus
1683 1890 1705 1925 ,
1762 1861 1943 1932 quae
1996 1864 2035 1913 a
2095 1842 2407 1933 perfecta

299 1961 664 2033 dumtaxat
719 1965 1130 2035 adhaesione
1171 1962 1448 2056 spiritui
1485 1975 1560 2035 et
1598 1961 1935 2033 doctrinis
1974 1962 2181 2034 huius
2221 1958 2410 2033 Petri

295 2075 682 2156 Cathedrae
738 2086 810 2155 in
857 2106 986 2157 vos
1022 2084 1329 2158 derivari
1371 2093 1600 2177 potest
1633 2104 1659 2171 ;
1698 2094 1909 2176 atque
1947 2083 2211 2155 idcirco
2250 2106 2426 2177 pro-1

297 2205 602 2298 positum
659 2207 994 2297 praelium
1049 2226 1192 2279 non
1249 2206 1468 2277 solum
1523 2203 1789 2275 utiliter
1842 2222 2083 2294 gerere
2152 2207 2407 2297 nequi-

299 2326 468 2397 retis
502 2374 524 2409 ,
581 2326 704 2397 sed
759 2328 1078 2417 graviora
1133 2328 1428 2398 fortasse
1492 2324 1911 2397 detrimenta
1984 2324 2413 2397 induceretis

299 2446 370 2516 in
425 2468 722 2531 causam,
753 2468 964 2538 quam
1021 2448 1348 2520 tuendam
1405 2445 1829 2537 suscepistis.
1858 2438 2125 2517 Cavete
2166 2446 2408 2539 itaque

299 2588 342 2639 a
393 2568 656 2637 latente
711 2566 840 2640 hoc
892 2561 1088 2640 hoste
1121 2616 1142 2654 ,
1199 2554 1755 2661 perniciosasque
1816 2568 1971 2639 eius
2052 2567 2405 2661 suppetias

295 2688 624 2775 reiicite3
677 2709 754 2759 ac
827 2689 1167 2760 immobili
1223 2685 1474 2760 Petrae
1531 2709 1572 2760 a
1625 2683 1903 2761 Christo
1974 2691 2407 2761 constitutae

297 2807 732 2892 insistentes,
789 2807 1382 2902 ob'scquentesque
1405 2809 1729 2880 -ifln'stris
1785 2804 2105 2882 Pastoris
2184 2811 2405 2880 vestri

297 2929 506 2998 nutui
563 2927 882 2998 alacriter
935 2929 1273 3000 incurrite
1329 2931 1403 3000 in
1458 2927 1739 3000 divinae
1794 2939 1999 3022 atque
2056 2930 2405 3001 humanae

301 3025 1302 3122 aucmritatis1·csoras.··Dens
1370 3047 1620 3120 ttobist-
1650 3050 1841 3119 *mim
1896 3059 1989 3120 fle
2040 3049 2413 3120 victoriam

299 3169 684 3255 concedet3
735 3189 942 3262 quam
995 3176 1148 3239 toto
1201 3168 1410 3240 corde
1465 3169 1725 3240 vestris
1764 3168 1957 3241 curis
1994 3167 2406 3250 ominamur,

301 3301 472 3373 dum
527 3303 814 3392 superni
873 3301 1135 3373 favoris
1191 3301 1542 3392 auspicem
1597 3312 1671 3372 et
1726 3313 2053 3391 paternae
2130 3311 2413 3372 nostrae

299 3421 836 3493 benevolentiae
891 3431 1144 3492 testem
1175 3417 1649 3512 Apostolicam
1676 3417 2243 3494 Benedictionem
2284 3441 2419 3492 vo-

301 3541 438 3624 his,
495 3535 746 3612 Dilecti
787 3536 994 3630 Filii,
1057 3552 1498 3648 peramanter
1553 3543 2010 3638 impertimus.

296 3657 305 3664 '
509 3655 768 3732 fflDatum
799 3655 1058 3733 Romae
1098 3637 1284 3754 apud
1326 3639 1395 3731 S.
1427 3656 1718 3734 Petrum
1738 3662 1859 3733 die
1874 3654 1941 3734 ’9
1972 3651 2413 3737 liiriii1813.

293 3764 775 3870 Pontificatus
819 3755 1050 3852 Nostri
1109 3779 1315 3930 Anno
1363 3763 2039 3873 Vicesimoseptin'io.
2112 3777 2119 3784 “
2188 3800 2193 3809 ·

931 3987 958 4026 ·’
1061 3985 1455 4095 Ρινεὶψ.
1520 4019 1639 4096 ιΧ
1736 4013 1743 4021 ·
