3292 5275
2264 505 2427 587 299

307 645 730 739 pervigilant
783 649 984 741 quasi
1043 645 1382 730 rationem
1441 665 1566 739 pro
1639 647 2006 720 animabus
2082 643 2423 722 reddituri

309 785 448 840 non
503 767 730 837 civilis
787 767 1140 838 societatis
1197 767 1610 849 rectoribus,
1650 768 1771 838 sed
1831 766 2130 858 principi
2190 778 2425 861 pasto-

307 904 468 958 rum
522 883 679 959 Iesu
738 881 1048 972 Christo,
1083 909 1124 960 a
1179 908 1319 982 quo
1375 888 1520 958 dati
1577 899 1746 960 sunt
1803 897 2121 978 pastores
2176 898 2249 960 et
2304 889 2427 961 do·-

307 1013 535 1080 ctores
593 1008 763 1078 nulli
819 1017 1142 1080 terrenae
1200 1009 1536 1101 potestati
1575 1009 1645 1078 in
1686 1009 2007 1081 obeundo
2040 1007 2425 1082 ministerio

309 1130 554 1202 salutis
610 1128 918 1203 obnoxii.
963 1122 1070 1226 (1)
1107 1125 1342 1218 Quare
1399 1131 1582 1202 sicut
1641 1129 1729 1201 ad
1785 1147 2023 1202 sacros
2064 1127 2425 1203 Antistites

307 1269 564 1323 munus
623 1250 938 1341 regendi,
979 1250 1075 1323 ita
1131 1251 1220 1322 ad
1276 1271 1518 1323 omnes
1573 1249 1841 1336 fideles,
1882 1261 2208 1334 monente
2247 1245 2430 1344 Apo-

309 1372 518 1456 stolo‚
573 1370 882 1445 officium
937 1373 1238 1464 pertinet
1311 1371 1566 1444 eisdem
1639 1370 2013 1443 obediendi
2070 1382 2141 1443 ct
2196 1371 2433 1444 subia-

311 1492 573 1580 cendi3
627 1503 698 1564 et
754 1492 1044 1586 proinde
1099 1493 1310 1565 etiam
1367 1490 1647 1585 populis
1705 1493 2071 1564 catholicis
2138 1491 2433 1566 sanctis·-

311 1612 568 1686 simum
624 1612 732 1685 ius
787 1619 923 1699 est,
966 1635 1054 1686 ne
1111 1615 1180 1684 in
1235 1615 1370 1686 :loc
1425 1615 1653 1687 officio
1711 1613 2055 1688 divinitus
2111 1613 2431 1687 iniuncto

311 1733 654 1827 sequendi
711 1735 1127 1819 doctrinam,
1185 1733 1619 1827 disciplinam
1678 1755 1755 1806 ac
1819 1732 2009 1826 leges
2067 1727 2429 1808 Ecclesiae

313 1873 360 1924 a
413 1853 598 1928 civili
653 1855 994 1947 gubernio
1054 1853 1546 1949 impediantur.

528 1971 848 2050 lamvero
885 1975 1011 2069 ipsi
1041 1970 1421 2048 Nobiscum
1461 1976 1680 2068 probe
1720 1970 2145 2066 intelligitis,
2176 1971 2431 2049 Dilecti

315 2091 472 2166 Filii
509 2090 746 2169 Nostri
803 2105 878 2167 et
913 2091 1364 2170 Venerabiles
1403 2091 1712 2176 Fratres,
1750 2093 2237 2189 quam‘gravis
2278 2095 2435 2170 vio-

311 2218 484 2290 latio
535 2217 746 2290 buius
820 2215 1100 2290 divinae
1175 2217 1699 2290 constitutionis
1752 2213 2165 2304 Ecclesiae,
2221 2235 2434 2312 quam

315 2337 772 2413 intolerabilis
828 2339 1192 2412 subversio
1247 2339 1503 2412 iurium
1532 2333 1981 2431 Apostolicae
2037 2332 2260 2425 Sedis,
2324 2355 2439 2411 sa·-

315 2479 594 2533 crorum
635 2460 1080 2546 Antistitum‚
1120 2461 1353 2556 populi
1410 2453 1738 2532 catholici
1777 2461 1851 2530 in
1904 2473 2147 2532 earum
2205 2453 2436 2554 legum

322 2579 709 2673 rogatione,
765 2579 854 2654 de
907 2577 1155 2675 quibus
1221 2581 1406 2674 apud
1466 2577 1835 2653 Austriaca
1890 2573 2205 2653 Comitia.
2246 2595 2439 2653 nunc

320 2704 580 2796 agitur,
633 2704 1076 2776 contineatur
1129 2710 1200 2775 et
1254 2704 1484 2795 palam
1541 2702 2045 2807 promulgetur.

533 2818 707 2897 Nam
745 2826 1122 2899 secundum
1161 2825 1440 2897 easdem
1479 2822 1663 2917 leges
1704 2818 2023 2894 Ecclesia
2052 2810 2207 2893 Iesu
2234 2816 2441 2895 Chri-

325 2945 417 3020 sti
471 2944 546 3019 in
601 2944 923 3020 omnihus
981 2948 1126 3021 fere
1205 2942 1586 3019 rationibus
1641 2952 1713 3016 ct
1772 2940 2152 3015 actionibus
2184 2991 2204 3028 ‚
2260 2938 2443 3035 quae

324 3062 414 3141 ad
473 3065 774 3161 regimen
829 3066 1141 3142 fidelium
1193 3072 1542 3161 spectant,
1583 3082 1907 3157 supremo
1944 3060 2169 3135 civilis
2210 3068 2447 3133 aucto-

321 3188 556 3262 ritatis
612 3188 908 3306 imperio
963 3206 1242 3282 prorsus
1281 3185 1574 3259 obnoxia
1610 3195 1687 3257 et
1727 3182 2039 3256 subiecta
2088 3182 2449 3254 existima·

325 3320 450 3383 tur
503 3322 712 3407 atque
765 3308 1120 3397 habetur3
1173 3308 1380 3401 idque
1437 3306 1510 3377 in
1565 3326 1649 3378 ea
1690 3300 2107 3377 Motivorum
2162 3302 2449 3394 exposi-

327 3434 559 3518 tione,
616 3452 798 3526 quae
851 3428 990 3501 vim
1045 3441 1118 3502 et
1171 3448 1450 3502 sensum
1490 3425 2009 3520 propositarum
2048 3424 2282 3516 legum
2319 3444 2449 3495 ex·-

327 3552 574 3650 plicat,
587 3562 830 3647 aperte
867 3550 1091 3627 veluti
1121 3550 1444 3643 principii
1475 3550 1630 3622 loco
1660 3548 2015 3620 statuitur.
2028 3540 2209 3618 Hinc
2237 3545 2447 3617 etiam

337 3676 740 3747 declaratur
791 3672 1078 3757 diserte,
1113 3667 1455 3744 Gubernii
1514 3670 1745 3742 civilis
1802 3684 1958 3741 esse
1994 3684 2086 3739 ex
2126 3680 2449 3759 suprema

329 3812 465 3870 sua
519 3802 870 3889 potestate
925 3796 1114 3882 leges
1171 3795 1352 3864 ferro
1433 3789 2019 3885 quemadmodum
2071 3787 2157 3858 de
2210 3784 2454 3861 civili·-

329 3914 496 4003 bus,
552 3910 653 3989 lta
708 3919 918 3991 etiam
975 3916 1060 3987 dc
1119 3909 1608 3986 ecclesiasticis
1665 3911 1899 3993 rebus,
1966 3916 2212 4004 utpote
2267 3904 2449 4001 quod

343 4032 706 4111 Ecclesae
789 4034 1170 4145 advigilare
1227 4042 1298 4107 et
1350 4030 1693 4106 dominari
1752 4031 2000 4103 debeat
2056 4048 2193 4103 non
2252 4044 2453 4100 secus

335 4174 418 4230 ac
473 4156 628 4230 aliis
678 4156 1236 4253 quibuscumque
1289 4134 1554 4228 civium
1612 4151 2067 4226 societatibus
2150 4148 2451 4244 privatis

333 4302 664 4375 mereque
702 4278 1026 4353 humanis
1065 4280 1252 4349 intra
1289 4272 1567 4370 Imperii
1604 4274 1779 4347 fines
1835 4271 2334 4346 existentibus.

497 4436 595 4520 (1)
639 4434 738 4504 Cr.
783 4434 982 4501 Hebr.
1027 4432 1131 4516 13,
1158 4430 1260 4501 17.
1293 4424 1462 4516 Eph.
1493 4422 1677 4513 4,st
1722 4422 1753 4494 Ι
1792 4420 2137 4495 Petr.5.2.
