3292 5275
292 585 645 678 quidquid
698 588 1103 661 cautionum
1148 609 1271 662 seu
1318 587 1766 686 ‘quarentiqie
1821 593 2096 664 nominc
2155 596 2418 676 veniat,

294 705 503 778 nullo
556 707 763 778 modo
820 706 1055 780 valere
1112 731 1317 801 posse
1372 709 1455 780 ad
1514 711 1972 784 adserendum
2019 712 2428 804 expeditum

292 825 747 920 liberumque
804 847 1013 900 usum
1065 829 1409 902 divinitus
1466 825 1682 902 Nobis
1756 832 2056 904 traditae
2123 844 2428 923 potesta-

296 945 391 1016 tis
455 956 527 1016 et
582 949 670 1018 ad
727 948 1055 1022 tuendam
1094 951 1559 1026 necessariam
1598 945 1956 1026 Ecclesiae
2015 952 2428 1027 libertatem.

506 1061 655 1144 nis
710 1068 811 1141 ita
864 1089 939 1140 se
992 1069 1413 1142 habentibus
1440 1119 1461 1154 ‚
1518 1073 2107 1163 quemadmodum
2169 1073 2432 1165 pluries

290 1188 823 1260 declaravimus
876 1201 949 1260 et
1004 1190 1299 1281 professi
1354 1211 1656 1274 sumuS„
1691 1187 1828 1264 Nos
1895 1193 2161 1285 absque
2223 1193 2430 1285 culpa

290 1309 617 1380 violatae
671 1307 831 1380 fidei
888 1311 1279 1380 iuramento
1354 1308 1730 1384 obstrictae
1809 1313 1976 1384 nulli
2045 1312 2426 1384 adhaerere

291 1428 783 1502 conciliationi
840 1450 1041 1522 posse
1094 1451 1275 1523 quae
1329 1431 1645 1522 quolibet
1701 1431 1907 1512 modo
1963 1434 2116 1502 iura
2169 1427 2428 1504 Nostra-

296 1547 635 1622 destruat
671 1562 795 1620 aut
830 1543 1225 1634 imminuat,
1266 1570 1457 1644 quae
1492 1561 1656 1622 sunt
1695 1546 1826 1621 Dei
1880 1563 1953 1622 et
1987 1546 2430 1645 Apostolicae

295 1663 519 1738 Sedis
578 1669 757 1757 iura3
812 1671 911 1740 sic
966 1691 1155 1744 nunc
1210 1691 1289 1740 ex
1344 1670 1583 1742 debito
1638 1672 1845 1744 officii
1905 1666 2140 1744 Nostri
2194 1673 2432 1766 decla-

296 1808 577 1872 ramuS‚
616 1810 973 1884 nunquam
1007 1785 1149 1863 Nos
1188 1790 1621 1863 admissuros
1660 1803 1784 1864 aut
1823 1803 2229 1886 accepturos
2275 1813 2430 1864 esse

300 1930 439 1980 nec
498 1909 686 1984 nullo
738 1911 945 1983 modo
996 1932 1233 2004 posse,
1287 1913 1716 2002 excogitatas
1773 1913 1928 1984 illas
1986 1933 2022 1982 a
2079 1907 2430 1994 Gubernio

302 2024 697 2123 Subalpino
746 2033 1115 2104 cautiones
1156 2053 1279 2104 seu
1334 2030 1777 2128 quarentiqie
1814 2053 2293 2128 quaecumque
2331 2034 2426 2106 sit

302 2171 561 2224 carum
614 2153 823 2238 ratio,
878 2173 1103 2246 neque
1140 2152 1279 2225 alia
1308 2173 1782 2246 quaecumque
1821 2152 1964 2224 sint
2009 2152 2162 2226 eius
2211 2173 2426 2244 gene-

304 2272 411 2342 ris
466 2283 537 2342 et
590 2294 1034 2366 quocumque
1090 2273 1297 2346 modo
1354 2274 1625 2344 sancita
1661 2320 1684 2356 ,
1741 2295 1922 2368 quae
1981 2274 2217 2368 specie
2271 2295 2434 2346 mu·-

308 2391 613 2465 niendae
650 2386 941 2466 Nostrae
990 2415 1233 2466 sacrae
1288 2393 1658 2486 potestatis
1715 2406 1786 2466 et
1837 2394 2180 2464 libertatis
2215 2389 2432 2466 Nobis

306 2513 546 2587 oblata
598 2515 867 2587 fuerint
903 2514 974 2585 in
1014 2516 1249 2587 locum
1284 2525 1357 2586 et
1396 2514 1974 2605 subrogationem
2011 2513 2256 2585 civilis·
2281 2512 2434 2586 eius

308 2629 791 2728 PrincipatuS‚
832 2658 969 2729 quo
1026 2636 1271 2709 divina
1310 2630 1760 2707 Providentia
1801 2629 2132 2707 Sanctam
2179 2629 2434 2705 Sedem

308 2750 791 2847 Apostolicam
870 2756 1209 2835 munitam
1261 2768 1334 2827 et
1390 2766 1674 2828 auctam
1753 2755 1980 2829 voluit
2009 2804 2032 2841 ‚
2085 2774 2432 2851 quemque

307 2870 529 2949 Nobis
586 2876 1003 2950 confirmant
1060 2888 1207 2949 tum
1266 2876 1559 2966 legitimi
1614 2876 2156 2973 inconcussique
2213 2874 2431 2958 tituli,

312 3012 466 3069 tum
520 2998 841 3071 undecim
877 3006 949 3068 et
987 2997 1275 3089 amplius
1316 2998 1758 3069 saeculorum
1799 2997 2172 3089 possessio.
2220 2992 2432 3085 Plane

311 3118 509 3189 enim
561 3119 819 3211 cuique
866 3119 1241 3211 manifesto·
1292 3128 1537 3211 pateat
1586 3138 1876 3189 necesse
1914 3130 2030 3189 est·
2059 3117 2273 3212 quod,
2317 3116 2432 3189 ubi

314 3234 675 3311 Romanus
729 3233 1053 3311 Pontifex
1128 3237 1415 3309 alterius
1475 3232 1819 3331 Principis
1902 3235 2152 3309 ditioni
2209 3236 2438 3307 subie-

312 3367 475 3434 ctus
530 3361 709 3431 foret
740 3404 763 3441 ‚
822 3380 1050 3453 neque
1094 3362 1260 3451 ipse
1317 3379 1569 3431 revera
1624 3356 1920 3451 amplius
1998 3358 2069 3428 in
2152 3356 2435 3451 politico

313 3480 557 3553 ordine
595 3502 919 3573 suprema
958 3491 1293 3574 potestate
1334 3479 1696 3573 praeditus
1731 3491 1949 3567 esset,
1999 3500 2228 3573 neque
2275 3500 2438 3573 pos-7

314 3612 476 3687 set,
532 3599 683 3673 sive
738 3622 1039 3694 persona
1095 3599 1240 3674 eius
1296 3601 1452 3673 sive
1530 3595 2176 3693 actus-Apostolici
2229 3596 2439 3669 mini-

316 3721 513 3795 sterii
569 3734 978 3813 spectentur
1009 3770 1032 3805 ,
1072 3744 1243 3795 sese
1309 3720 1620 3794 eximere
1697 3721 1784 3793 ab
1848 3719 2139 3792 arbitrio
2195 3719 2378 3790 illius
2410 3767 2432 3803 ,

315 3843 433 3917 cui
486 3844 837 3929 subesset,
893 3841 1301 3937 imperantis
1330 3892 1359 3931 ,
1410 3844 1527 3935 qui
1584 3842 1796 3915 etiam
1854 3842 1971 3913 vel
2043 3840 2436 3912 haereticus

314 3966 429 4037 vel
468 3960 823 4037 Ecclesiae
882 3974 1291 4056 persecutor
1328 3958 1631 4035 evadere
1672 3973 1933 4055 posset,
1977 3973 2094 4033 aut
2136 3962 2206 4036 in
2247 3958 2435 4033 bello

316 4086 652 4161 adversus
688 4084 879 4159 alios
934 4081 1301 4179 Principes
1358 4086 1471 4156 vel
1528 4084 1601 4153 in
1658 4083 1826 4155 belli
1895 4093 2088 4155 statu
2141 4084 2432 4153 versari.

314 4200 407 4276 Et
464 4224 661 4292 sane,
698 4206 847 4297 ipsa
902 4206 1077 4279 haec
1134 4206 1491 4278 concessio
1538 4203 1979 4284 cautionum,
2036 4203 2120 4274 dc
2176 4201 2436 4295 quibus

315 4324 688 4419 loquimur,
725 4346 951 4399 nonne
989 4347 1115 4419 per
1161 4346 1237 4399 se
1278 4324 1428 4418 ipsa
1467 4322 2026 4397 luculentissimo
2063 4324 2437 4397 documen-
