3292 5275
286 679 321 722 n
368 655 647 728 datione
704 653 1087 745 indigeant,
1142 652 1257 724 vel
1313 651 1569 745 quibus
1608 651 1845 743 aliqua
1899 648 2165 722 ratione
2221 669 2396 720 eon-

288 801 323 846 tt
368 775 733 850 solendum
786 775 905 848 sit.
948 797 983 842 tt

492 891 713 969 Porro
752 915 907 968 cum
942 913 1066 986 per
1100 889 1531 986 Apostolieas
1585 886 1878 964 Nostrae
1923 886 2232 963 Litteras
2267 891 2398 963 sub

281 1017 567 1110 plumbo
638 1017 835 1088 datas
886 1015 997 1086 die
1059 1003 1157 1086 12
1212 1011 1367 1088 Iulii
1446 1012 1746 1104 proximi
1830 1012 2210 1105 superioris
2271 1031 2400 1084 an-

284 1138 359 1208 ni
418 1125 651 1218 1867,
690 1155 995 1230 quarum
1047 1131 1325 1206 initium
1378 1127 1852 1214 neven-surus,
1893 1129 2206 1204 extincto
2242 1127 2403 1204 Pri-

286 1253 551 1328 matiali
604 1266 817 1348 atque
872 1251 1475 1346 Archiepiscopali
1530 1253 1770 1335 titulo,
1811 1247 2404 1342 Constantinopo-

290 1377 577 1448 litanam
634 1371 1033 1446 Armeniam
1068 1367 1511 1446 Provinciam
1550 1367 2066 1443 patriarchatui
2111 1368 2402 1444 Ciliciae

293 1496 845 1578 adiunxerimus,
902 1505 1373 1587 opportunum
1428 1491 1762 1566 duximus
1805 1488 2212 1565 confirmare
2249 1491 2406 1564 offi-

236 1703 241 1706 ‚
294 1618 433 1698 cia,
487 1637 665 1710 quae
701 1610 983 1688 Vieario
1022 1611 1427 1706 Apostolieo
1485 1610 1841 1705 praedicto
1889 1633 2016 1704 pro
2057 1614 2408 1687 universis

294 1731 679 1835 Qrientalis
718 1735 891 1808 ritus
928 1731 1263 1806 Ecclesiis
1298 1734 1370 1806 in
1398 1753 1529 1806 suo
1558 1727 1920 1806 Vicariatu
1950 1733 2408 1805 existentibus

296 1857 527 1928 inesse
582 1855 1011 1928 declaratum
1067 1853 1333 1928 iamdiu
1388 1851 1640 1937 fuerat,
1695 1853 2154 1948 eumdemque
2207 1853 2408 1927 titulo

300 1977 599 2059 iuribus,
658 1997 736 2048 ac
794 1973 1174 2067 privilegiis
1236 1969 1557 2064 Delegati
1620 1969 2010 2065 Apostolici
2081 1973 2410 2048 decorare

302 2109 513 2190 atque
567 2115 851 2188 augere3
905 2117 1039 2188 quo
1090 2095 1353 2168 clarius
1411 2103 1680 2187 pateat,
1739 2090 2150 2166 Antistitem
2215 2092 2412 2167 illum

302 2211 601 2290 Romani
658 2209 1017 2288 pontificis
1073 2236 1196 2308 pro
1254 2225 1561 2309 tempore
1640 2209 2008 2286 existentis
2085 2215 2282 2288 vices
2335 2235 2414 2286 ae

304 2357 675 2432 personam
728 2357 995 2430 gerere,
1048 2356 1275 2430 eaque
1340 2333 1613 2407 ratione
1689 2336 1940 2408 melius
2015 2337 2417 2410 consultum

305 2458 593 2531 arctiori
622 2451 1083 2531 Orientalium
1112 2451 1589 2529 Ecclesiamm
1618 2475 1776 2528 eum
1806 2451 2206 2549 Apostolica
2235 2451 2416 2530 Sede

306 2577 806 2662 coniunctioni,
842 2599 985 2673 qua
1040 2577 1319 2672 quidem
1384 2573 1553 2649 nibil
1608 2577 2202 2653 accommodatius
2256 2576 2420 2651 [idei

306 2724 387 2775 ac
442 2720 705 2773 morum
764 2698 1146 2793 integritati
1200 2698 1724 2779 custodiendae,
1780 2698 2288 2773 ecclesiasticae
2333 2697 2422 2771 li-

308 2820 567 2895 bertati
622 2842 701 2893 ac
756 2818 1153 2915 disciplinae
1222 2820 1550 2905 tuendae,
1610 2831 1824 2914 atque
1899 2814 2422 2914 Episcopalibus

310 2940 577 3018 iuribus
634 2940 1101 3013 vindicandis.

522 3058 661 3135 Nos
716 3062 955 3155 itaque
1010 3062 1097 3135 de
1160 3060 1450 3137 consilio
1502 3057 2032 3136 Venerabilium
2097 3018 2448 3138 Fratrum·

312 3176 721 3255 Nostrorum
777 3176 853 3253 S.
896 3176 983 3253 R.
1028 3176 1111 3253 E.
1153 3176 1631 3257 cardinalium
1707 3184 2193 3279 propagandae
2269 3184 2428 3258 fidei

314 3300 866 3397 praepositorum
920 3322 1045 3396 per
1096 3314 1502 3398 praesentes
1558 3300 1865 3377 Litteras
1905 3300 2182 3377 Vicario
2238 3303 2430 3401 Apo-

316 3422 567 3497 stolico
646 3420 1429 3515 Constantinopolitano
1512 3444 1639 3517 pro
1723 3436 2032 3517 tempore
2107 3426 2426 3499 existenti

316 3541 545 3617 omnia
572 3555 646 3615 et
674 3541 939 3635 singula
978 3542 1199 3617 officia
1227 3542 1747 3630 confirmamus,
1777 3565 1960 3641 quae
1989 3567 2116 3640 pro
2145 3548 2432 3621 univer·-

318 3664 415 3737 sis
442 3658 827 3735 Orientalis
860 3662 1029 3735 ritus
1052 3658 1381 3737 Ecclesiis
1416 3664 1483 3735 in
1514 3665 1706 3737 illius
1735 3660 2085 3740 Vicariatu
2114 3666 2264 3741 sitis
2293 3668 2430 3762 ipsi

320 3784 553 3857 inesse
606 3784 1037 3857 declaratum
1074 3796 1175 3857 est
1188 3804 1215 3873 3
1250 3784 1619 3879 eidemque
1661 3782 1974 3859 Antistiti
2030 3786 2312 3863 titulum
2349 3810 2430 3863 ac

322 3904 507 3989 iura,
564 3878 892 3989 bo'nores,
950 3903 1319 3997 privilegia
1374 3900 1688 3997 Delegati
1741 3904 2124 3999 Apostolici
2183 3909 2436 3981 deferi-

324 4045 481 4101 mus
534 4046 615 4098 ac
667 4024 1073 4101 tribuimus.
1132 4022 1277 4099 lam
1352 4048 1523 4101 vero
1596 4048 1734 4101 non
1809 4028 2204 4104 dubitamus
2267 4032 2435 4125 quin

324 4143 705 4219 Armenius
742 4140 1027 4219 Ciliciae
1065 4141 1496 4233 Pati-ierem,
1536 4149 1890 4241 ceterique
1927 4168 2164 4222 omnes
2196 4151 2438 4226 cuius-

324 4285 465 4361 que
542 4264 717 4339 ritus
790 4262 1194 4351 Antistites,
1252 4288 1635 4362 eorumque
1707 4267 1938 4341 clerus
2013 4281 2086 4343 et
2137 4270 2436 4367 populus

326 4382 811 4485 Apostolicum
846 4380 1260 4491 Delegatum
1312 4382 1922 4493 Constantinopoli
1959 4410 2086 4493 pro
2125 4400 2434 4493 tempore
