3292 5275
877 452 1035 537 330

876 591 1239 690 reptioniffi
1296 594 1452 664 sive
1530 588 2024 683 subreptioniS‚
2103 593 2256 663 sive
2335 591 2622 665 demum
2687 592 2994 665 alterius

871 722 1217 811 cuiusque
1239 710 1515 806 speciei
1552 712 1732 784 vitio
1768 722 2043 798 notare,
2079 712 2502 807 minimoque
2539 714 2990 807 impugnare.

1875 880 1998 958 vl.

1080 1071 1269 1147 Haec
1322 1072 1558 1166 itaque
1614 1074 1846 1147 omnia
1881 1082 1954 1147 et
1994 1075 2266 1169 singula
2303 1086 2385 1149 ut
2447 1096 2656 1168 quam
2691 1077 2992 1169 plenum

868 1198 1081 1269 robur
1116 1196 1189 1268 ei
1244 1194 1625 1267 solemnem
1676 1206 2138 1286 assequantur
2193 1192 2554 1282 effectum,
2602 1190 2990 1269 Beatitudo

860 1314 1015 1391 Sua
1054 1316 1281 1389 voluit
1316 1316 1658 1405 iussitque
1695 1314 1830 1387 hoc
1869 1316 2330 1389 summarium
2379 1312 2638 1389 Sacrae
2673 1311 2994 1406 Congre-

860 1438 1167 1530 gationis
1192 1432 1708 1507 Consistorialis
1737 1429 2118 1507 Decretum
2147 1436 2438 1528 perinde
2469 1435 2710 1511 haberi
2735 1446 2808 1509 et
2835 1438 2988 1510 fore

866 1557 1145 1653 quidem
1182 1558 1599 1639 valiturum,
1644 1578 1730 1629 ac
1773 1557 1831 1627 si
1871 1552 2182 1628 Litterae
2237 1553 2688 1649 Apostolicae
2725 1558 2880 1629 sive
2915 1558 2992 1629 in

869 1681 1088 1751 forma
1144 1672 1429 1762 Brevia,
1486 1677 1639 1750 sive
1699 1676 1830 1749 sub
1884 1676 2168 1770 plumbo
2223 1676 2586 1769 expeditae
2659 1675 2986 1751 fuissent.

1853 1862 2002 1940 vn.

1072 2043 1237 2119 Ideo
1267 2044 1355 2117 ad
1382 2041 1784 2115 huiusmodi
1829 2036 2112 2115 Decreti
2143 2046 2694 2135 exequutionem
2730 2052 2990 2127 maluit

859 2170 1199 2261 deputare
1231 2164 1678 2237 hodiernum
1733 2158 2160 2253 Episcopum
2197 2158 2582 2239 Metensem
2618 2164 2708 2240 R.
2763 2167 2846 2243 P.
2891 2170 2984 2245 D.
3032 2160 3058 2171 ”

857 2286 1153 2361 Paulum
1188 2281 1579 2375 Georgium
1616 2277 1906 2355 Mariam
1951 2278 2234 2375 Dupont
2271 2284 2397 2357 des
2436 2282 2688 2377 Loges,
2729 2303 2808 2363 at
2843 2314 2986 2385 qua

858 2406 1341 2481 tantummodo
1377 2405 1686 2498 pertinet
1725 2398 2432 2493 ad,Argentinensem
2469 2428 2590 2480 seu
2621 2405 2990 2485 Strasbnr·

856 2532 1141 2622 genae-1
1222 2523 1666 2612 Ecclesiam3
1741 2524 2148 2599 hodiernum
2231 2538 2460 2599 autem
2544 2524 2985 2625 Episcopum

856 2647 1441 2744 Argentinensem
1498 2669 1629 2720 eeu
1689 2641 2301 2737 Strasburgensem
2369 2643 2455 2720 R.
2515 2643 2602 2719 P.
2673 2647 2764 2724 D.
2835 2651 2990 2728 An-

854 2772 1091 2842 dream
1120 2765 1399 2852 ‚Raesa‚
1438 2789 1579 2860 qua
1638 2768 2006 2840 dumtaxat
2087 2765 2388 2858 pertinet
2443 2769 2528 2843 ad
2593 2765 2982 2846 Metenso·

856 2887 1408 2984 Episcopatum3
1466 2889 1716 2962 collata
1773 2887 2052 2980 quidem
2117 2887 2394 2982 utrique
2477 2886 2820 2985 Delegato
2873 2896 2986 2966 fa-

853 3014 1119 3084 cultate
1144 3009 1658 3097 :subdelegandi
1697 3009 1788 3080 ad
1825 3009 1956 3080 hoc
1995 3007 2496 3098 perficiendum
2536 3033 2716 3104 opus
2765 3013 2982 3086 aliam

854 3131 1147 3226 probam
1206 3130 1668 3220 idoneamque
1731 3149 2120 3220 personam,
2161 3149 2342 3222 quae
2407 3150 2582 3202 vero
2637 3135 2988 3206 ecclesia·-

856 3252 1031 3325 stica
1087 3249 1423 3342 dignitate
1466 3251 1559 3320 sit
1614 3249 1976 3340 insignita.

1826 3429 2010 3509 vlu.

912 3623 921 3634 ‘
1062 3611 1359 3714 Insuper
1393 3614 1676 3706 utrique
1717 3613 1838 3686 ·sic
1901 3613 2240 3706 deputato
2299 3607 2635 3706 Delegato
2699 3639 2988 3692 eorum-

843 3757 998 3832 que*
1046 3735 1531 3828 subdelegatis,
1592 3733 1651 3814 si
1711 3735 1948 3807 forsan
2024 3733 2310 3809 adscisci
2391 3750 2738 3830 oporteat,
2799 3737 2986 3814 San-
3063 3775 3078 3788 ·

846 3861 1055 3932 etitas
1082 3853 1259 3933 ;Sua
1296 3857 1726 3946 dignataest
1772 3854 2133 3947 impertire
2163 3878 2644 3952 ,quascumque
2685 3860 2798 3934 vel
2851 3883 2987 3934 ne-

845 3981 1191 4054 cessarias
1234 3978 1376 4051 vel:
1408 3985 1852 4068 opportunas
1910 3977 2313 4065 facultates,
2351 3990 2432 4052 ut
2484 3981 2792 4074 quisque
2849 4003 2984 4073 pro

846 4112 1051 4194 parte
1110 4119 1235 4172 sua
1294 4095 1670 4170 efficaciter
1756 4097 2018 4181 valeat,
2069 4099 2258 4170 omni
2343 4101 2812 4191 appellatione
2871 4123 2984 4176 re-

844 4231 1069 4305 mota,
1109 4241 1191 4292 ea
1230 4238 1505 4316 quoque
1560 4217 1973 4304 deliberare,
2015 4219 2339 4293 ordinare
2395 4239 2480 4294 ac
2527 4222 2742 4296 etiam
2797 4221 2982 4296 defi—

848 4341 1075 4416 nitive
1100 4339 1539 4424 decernere,
1580 4359 1764 4432 quae
1819 4340 1907 4412 ad
1962 4339 2361 4417 huiusmodi
2415 4344 2774 4433 negotium
2811 4343 2978 4416 feli-
