3292 5275
854 423 1019 518 sat

846 570 1387 667 praeservativa
1445 593 1485 644 a
1540 582 1832 666 peceato
1889 583 2426 666 nuncupantur,
2465 574 2604 647 nisi
2661 595 2996 649 commu-

846 694 1043 769 tatio
1094 692 1331 769 nutura
1368 691 1712 769 iudicetur
1765 695 2133 779 eiusmodi,
2175 705 2254 767 ut
2293 714 2434 767 non
2477 698 2712 768 minus
2753 718 2796 767 n
2837 719 2998 789 peo-

856 825 1020 891 cato
1062 812 1559 894 committendo
1596 814 1970 901 refraenet,
2003 840 2216 911 quam
2253 823 2445 913 prior
2476 821 2627 894 voti
2671 816 2996 919 materia)

862 940 937 1019 itt
992 938 1131 1015 alia
1186 940 1302 1031 pia
1356 951 1428 1012 et
1483 941 1825 1015 salutaria
1899 962 2112 1033 opera
2185 955 2642 1027 commutare,
2699 956 2776 1017 et
2829 961 3000 1017 cum

856 1064 1393 1157 poenitentibus
1445 1061 1846 1134 huiusmodi
1905 1064 1976 1133 iu
2033 1068 2252 1137 sacris
2309 1066 2680 1140 ordinibus
2733 1069 3004 1139 cousti-

854 1185 1036 1259 ‹tutis
1090 1186 1301 1257 etiam‘
1355 1186 1794 1275 regularibus
1875 1208 2084 1279 super
2137 1186 2412 1260 occulta
2467 1190 2998 1280 irregularitate

848 1308 953 1381 ad
989 1307 1399 1379 exercitium
1448 1307 1860 1379 eorumdem
1901 1309 2256 1393 ordinum,
2297 1321 2372 1381 et
2407 1310 2494 1379 ad
2533 1313 2996 1403 superiorum

866 1428 1381 1501 assecutionem
1436 1430 1527 1499 oh
1582 1450 2038 1505 censurarum
2073 1432 2556 1530 *violationem
2629 1432 3002 1503 dumtaxat

854 1556 1234 1622 contracta
1286 1551 1694 1643 dispensare
1749 1553 2024 1643 possint
2057 1564 2131 1624 et
2185 1555 2496 1638 valeant,
2561 1553 2814 1627 eadem
2869 1576 3008 1625 au·-

858 1673 1227 1755 etot-itate,
1254 1683 1328 1741 et
1358 1668 1804 1764 Apostolicae
1835 1673 2292 1768 benignitatis
2319 1673 2792 1765 amplitudine
2832 1696 3008 1747 con-

851 1792 1183 1865 cedimus
1238 1804 1310 1865 et
1365 1792 1828 1885 indulgemus.
1979 1792 1984 1797 ’

1082 1908 1239 1987 Non
1295 1914 1728 1987 intendimus
1811 1929 2052 1989 autem
2107 1937 2231 2010 per
2293 1930 2702 2009 praesentes
2785 1940 3012 2013 super

858 2035 1107 2130 {aliqua
1188 2037 1334 2109 alia
1412 2036 1918 2129 irregularitate
1973 2038 2090 2107 vel
2173 2036 2448 2130 publiea
2501 2040 2616 2111 vel
2685 2022 3008 2125 occulta,

860 2179 995 2231 ‚seu
1048 2156 1359 2241 defectu,
1403 2160 1742 2243 aut'nota,
1785 2160 2018 2231 aliave
2061 2156 2574 2251 incapacitate,
2613 2172 2746 2234 aut
2805 2163 3017 2237 inba-

868 2282 1149 2355 bilitate
1202 2280 1700 2375 quoquomodo
1755 2281 2140 2352 contractis
2193 2280 2631 2373 dispensare,
2691 2283 2818 2355 vel
2874 2282 3018 2355 ali-

856 2424 1083 2498 ‚quam
1138 2401 1541 2474 facultatem
1601 2402 1912 2472 tribuere
1967 2421 2178 2493 super
2243 2399 2646 2493 praemissis
2713 2403 3018 2497 dispen-

858 2523 1110 2609 -sandi,
1160 2541 1283 2597 scu
1337 2521 1788 2604 habilitandi,
1845 2532 1920 2593 et
1975 2521 2048 2592 in
2113 2522 2484 2613 pristinum
2561 2536 2834 2597 statum
2895 2546 3019 2596 re·-

874 2646 1217 2718 stituendi
1295 2647 1503 2717 etiam
1559 2643 1644 2712 iu·
1687 2645 1838 2718 foro
1894 2643 2368 2714 eonscientiae
2394 2665 2420 2731 ;
2479 2665 2708 2738 neque
2797 2650 3018 2718 etiam

860 2769 1213 2858 derogare
1270 2762 1774 2839 Constitutioni
1833 2785 1989 2836 cum
2029 2765 2452 2858 opportunis
2509 2766 3020 2840 declarationi-

860 2890 1013 2963 bus
1064 2889 1297 2962 editae
1332 2910 1373 2958 a
1412 2888 1533 2958 fel.
1594 2886 1862 2958 record.
1907 2881 2282 2958 Benedieto
2339 2882 2529 2957 xlv.
2570 2883 3020 2961 Praedecoe-

878 3015 1037 3082 sore
1080 3005 1349 3083 ‘Nostro
1406 3007 1732 3100 incipien.
1777 3001 2320 3082 Sacramentum
2353 3007 2848 3104 poenitentioe
2885 3013 3018 3083 sub

856 3133 1119 3204 -datmn
1192 3130 1513 3202 kalendis
1590 3125 1772 3200 lunii
1829 3130 1998 3202 a'nni
2083 3125 2598 3203 lucarnationis
2685 3126 3022 3203 Domini-

862 3275 1005 3326 ,ωε
1067 3240 1283 3328 1741’
1324 3247 1794 3324 Pontificatns
1879 3253 1990 3322 sui
2049 3270 2232 3320 anno
2289 3251 2538 3342 primo.
2594 3245 2846 3345 Neque
2903 3253 3022 3323 de-

866 3395 1069 3467 ·mpm
1120 3372 1407 3445 easdem
1463 3377 1870 3466 praesentes
1925 3372 2012 3442 iis
2061 3373 2184 3464 qui
2223 3391 2266 3442 a
2301 3366 2524 3442 Nobis
2579 3379 2648 3442 et
2706 3369 3020 3462 Aposto-

858 3495 1013 3572 ·lica
1054 3489 1433 3580 'Sede,-vel
1488 3493 1579 3564 ab
1634 3493 1866 3586 aliquo
1921 3487 2270 3574 Praelato,
2309 3513 2434 3564 seu
2493 3489 2726 3564 Indice
2783 3495 3026 3566 eccle-

864 3614 1167 3688 ,na-neo
1208 3613 1609 3690 continuum
1660 3613 2278 3694 exeommunicati,
2321 3615 2674 3704 suspensi,
2713 3613 3022 3685 interdi-

864 3735 1005 3819 ·eti,
1059 3741 1183 3808 seu
1228 3737 1411 3810 alias
1468 3733 1539 3806 in
1576 3733 1978 3806 sententias
2009 3745 2082 3807 et
2117 3753 2460 3806 censuras
2517 3731 2854 3808 incidisse
2887 3733 3026 3806 de-

862 3859 1331 3942 clarati-,uvel
1396 3856 1679 3950 publice
1761 3853 2176 3932 denunciati
2249 3854 2542 3939 fuerint,
2599 3853 2738 3927 uisi
2827 3858 3022 3928 intra

858 3991 1160 4070 —tcmpus
1200 3976 1367 4050 anni
1422 3973 1764 4070 praedicti
1822 3975 2319 4056 satisfecerint,
2357 3987 2430 4048 et
2467 3997 2626 4047 cum
2665 3974 3021 4068 partibus,

886 4097 1007 4173 ubi
1046 4117 1221 4192 opus
1277 4099 1519 4183 fucrit,
1556 4095 2152 4170 concordaverint
2188 4096 2336 4168 ullo
2385 4096 2594 4171 modo
2645 4095 3026 4187 suffragari

860 4221 1123 4312 -posse,
1168 4217 1635 4297 aut-debere.
2061 4278 2069 4286 .

862 4367 921 4410 :r
1010 4397 1017 4404 .
1090 4335 1481 4416 ‚Caeterum
1518 4335 1734 4433 siqui
1781 4348 1966 4432 post.
1993 4338 2401 4411 inchoatum
2463 4334 2665 4412 buius
2723 4333 3018 4408 lubilaei
