3292 5275
2249 472 2408 552 275

288 638 327 681 n
394 611 585 687 aliud
640 624 749 685 est
804 614 937 684 nisi
1014 633 1193 705 opus
1256 606 1386 684 Dei
1444 612 1902 706 pessumdare
1976 634 2054 685 ac
2117 614 2408 707 perdere

287 758 325 801 ιι
392 734 605 817 velle,
648 733 819 805 nihil
876 733 1008 805 nisi
1046 733 1216 804 dare
1255 754 1543 826 operam
1601 744 1679 805 ut
1733 730 1970 823 religio
2027 736 2412 807 maximnm

287 879 325 921 n
393 852 890 927 detrimentum
944 854 1213 947 capiat,
1273 852 1442 925 nihil
1498 853 1631 925 nisi
1691 874 1847 927 eam
1920 853 2412 929 efficacissimo

289 1000 329 1043 ιι
398 973 709 1067 spoliare
766 973 1143 1067 praesidio,
1184 995 1271 1046 ne
1328 994 1642 1046 summus
1699 972 1920 1067 ipsius
1957 970 2246 1057 Rector,
2284 969 2418 1044 Pa-

288 1120 331 1163 »
394 1106 547 1165 stor
598 1089 872 1187 Deique
928 1094 1237 1165 vicarius
1294 1094 1369 1165 in
1404 1090 1804 1167 Catholicos
1857 1115 2134 1189 quoquo
2189 1104 2420 1165 terra·
2461 1172 2466 1175 ,

289 1240 329 1283 ιι
396 1235 557 1287 rum
615 1234 891 1307 sparsos
948 1225 1155 1309 atque
1212 1214 1373 1286 inde
1428 1212 1774 1289 auxilium
1830 1226 1904 1287 et
1958 1234 2164 1307 opem
2219 1212 2418 1302 flagi-

291 1362 331 1405 »
397 1347 663 1419 tanteS,
719 1337 1042 1409 conferre
1100 1333 1409 1409 subsidia
1448 1337 1703 1428 possit,
1741 1356 1920 1429 quae
1977 1357 2014 1407 a
2069 1333 2416 1428 spirituali

294 1482 333 1527 υ
399 1455 659 1550 Ipsius,
714 1476 835 1548 per
892 1458 1243 1529 neminem
1299 1456 1770 1549 impedienda,
1828 1467 2164 1549 petuntur
2221 1465 2420 1548 potc-

294 1604 335 1649 κ
399 1587 585 1651 state
647 1602 681 1645 n
749 1566 879 1673 (1).

508 1692 859 1785 Quoniam
916 1716 1088 1767 vero
1141 1691 1393 1769 Nostra
1450 1698 1717 1769 monita
1741 1743 1762 1779 ,
1818 1693 2418 1787 expostulationes

290 1831 369 1891 et
424 1818 964 1913 protestationes
1022 1816 1095 1887 in
1154 1818 1431 1891 irritum
1496 1827 1910 1911 cesserunt,
1970 1814 2229 1889 idcirco
2263 1836 2420 1888 au-

294 1941 625 2013 ctoritate
681 1939 1190 2030 omnipotentis
1244 1932 1425 2022 Dei,
1483 1934 1611 2009 SS.
1673 1932 2164 2031 Apostolorum
2231 1932 2420 2009 Petri

294 2073 372 2133 et
409 2055 642 2134 Paulli
680 2080 765 2131 ac
802 2052 1051 2131 Nostra
1107 2052 1347 2143 Vobis,
1387 2052 1531 2128 VV.
1573 2054 1758 2144 FF„
1784 2080 1864 2131 ac
1921 2079 2046 2152 per
2083 2053 2224 2129 Vos
2261 2058 2422 2129 uni-

293 2202 549 2255 versae
602 2174 963 2252 Ecclesiae
1018 2178 1477 2262 declaramuS,
1518 2200 1639 2251 eos
1679 2200 1910 2251 omnes
1965 2178 2276 2273 qualibet
2313 2178 2420 2249 di-

295 2302 595 2393 gnitate,
638 2300 858 2371 etiam
912 2297 1415 2393 specialissima
1470 2300 1838 2371 mentione
1875 2299 2114 2393 digna,
2155 2300 2423 2389 fulgen-

300 2434 435 2505 teS,
493 2418 611 2513 qui
664 2439 1268 2513 quarumcumque
1308 2420 1834 2511 provinciarum
1872 2412 2168 2490 Nostrae
2223 2416 2424 2491 ditio-

297 2545 409 2614 nis
466 2554 673 2635 atque
728 2542 948 2611 almae
1002 2540 1207 2611 huius
1245 2532 1453 2611 Urbis
1495 2540 1959 2626 invasionem,
2019 2540 2424 2631 usurpatio-

300 2683 465 2736 nem
520 2663 634 2735 vel
687 2682 930 2733 eorum
986 2662 1221 2756 aliqua
1276 2671 1818 2754 perpetrarunt,
1877 2660 2179 2754 itemque
2235 2661 2424 2752 ipso-

300 2805 451 2855 rum
506 2782 963 2866 mandantes,
1018 2783 1330 2855 fautores
1365 2828 1387 2865 ,
1434 2781 1880 2866 -audiutores,
1939 2779 2422 2865 consiliarios»,

300 2904 793 2984 adhaerentes,
833 2904 948 2976 vel
990 2901 1159 2974 alios
1212 2923 1688 2996 quoscumque
1744 2902 2260 2996 praedictarum
2316 2923 2425 2974 re-

302 3046 460 3100 rum
516 3026 1048 3119 exequutionem
1087 3023 1406 3116 quolibet
1433 3033 1804 3116 praetextu
1855 3035 1929 3096 et
1984 3011 2237 3118 quovis
2273 3044 2426 3094 mo-

301 3147 391 3218 do
446 3155 933 3239 procurantes»,
966 3145 1076 3218 vel
1116 3164 1242 3236 per
1280 3145 1549 3235 seipsos
1587 3154 2036 3236 exequentes,
2091 3145 2424 3216 maiorem

304 3265 1095 3340 excommunicationem
1153 3263 1458 3358 aliasque
1514 3283 1842 3335 censuras
1881 3274 1954 3334 et
1991 3285 2256 3357 poenas
2310 3284 2428 3336 ec-

305 3384 731 3461 clesiasticas
785 3407 826 3458 a
883 3383 1101 3458 sacris
1166 3381 1569 3458 Canonihus
1601 3431 1627 3470 ,
1653 3469 1658 3474 ¹
1683 3379 2100 3475 Apostolicis
2163 3384 2430 3458 consti-

308 3505 693 3582 tutionibus
774 3517 848 3579 et
929 3505 1357 3598 generalium
1439 3501 1912 3577 Conciliorum
1944 3551 1967 3588 ,
2027 3499 2426 3578 Tridentini

308 3624 546 3726 (Sess.
604 3619 711 3700 22
765 3651 827 3700 c.
877 3617 967 3700 11
1031 3628 1116 3699 de
1172 3621 1549 3724 Reform.)
1604 3625 1906 3697 decretis
1960 3623 2268 3699 inflictas
2324 3623 2428 3695 in-

306 3750 603 3822 currisse
662 3749 863 3824 iuxta
922 3751 1199 3822 formam
1238 3757 1311 3820 et
1353 3759 1666 3820 tenorem
1721 3765 2126 3838 expressum
2184 3747 2256 3817 in
2311 3766 2426 3818 su·

307 3871 549 3964 perius
604 3871 1167 3944 commemoratis
1206 3859 1619 3964 Apostolicis
1675 3863 1932 3938 litteris
1987 3859 2262 3938 Nostris
2313 3863 2424 3938 die

306 3983 411 4064 26
468 3985 675 4064 Mart.
733 4015 801 4064 a.
870 3979 1073 4080 1860
1128 3990 1337 4062 datis,

518 4105 862 4187 Memores
917 4134 1082 4185 vero
1120 4105 1259 4184 Nos
1298 4113 1449 4184 cius
1504 4112 1737 4186 locum
1792 4119 2028 4184 tenere
2086 4106 2160 4180 in
2221 4107 2426 4182 terris

469 4373 551 4460 (1)
591 4373 809 4442 Alloc.
850 4369 931 4444 16
974 4372 1195 4442 Martii
1234 4368 1411 4444 1808.
1858 4475 2000 4562 ¹8*
