3292 5275
884 464 1045 560 248
1232 602 1790 702 LITTERAE
1871 602 2642 702 APOSToLchE

992 914 1068 963 DE
1142 914 1490 965 tunorium-2
1571 916 1952 967 ΙΟΝΑΒΤΕΜΙ
2039 918 2300 969 Hunis
2373 920 2876 971 confluentem

1054 1034 1843 1088 nsshvssro-nssnssmcrmtn
1885 1038 1948 1088 m
1991 1039 2256 1091 Annium
2296 1038 2823 1091 snprssnrmomu

1580 1730 1834 1832 pivs
1900 1736 2064 1831 PP.
2133 1736 2284 1831 IX.

1396 2185 1479 2237 u>
1532 2184 1904 2239 »saturnu
1973 2184 2074 2239 RB!
2133 2184 2478 2238 nummu.

886 2584 1161 2794 Quod
1213 2670 1573 2748 Monaehis
1624 2671 1912 2748 Ordinis
1965 2673 2206 2752 Sancti
2263 2672 2616 2749 Benedicti
2669 2695 2711 2748 e
2758 2669 3000 2748 Mona-

884 2795 1097 2869 sterio
1178 2791 1441 2868 Beatae
1522 2790 1788 2870 Mariae
1861 2793 2162 2887 Virginis
2239 2789 2712 2869 Einsidiensis
2805 2793 2994 2888 apud

884 2911 1215 2990 Helvetos
1252 2916 1371 2987 diu
1409 2928 1558 2988 erat
1594 2915 1667 2986 in
1707 2918 1922 3003 vecie,
1963 2928 2042 2988 ut
2083 2937 2332 3010 nempe
2371 2917 2658 2990 domum
2695 2915 2996 3009 aliquam

883 3036 1194 3120 filialem,
1251 3037 1355 3108 uti
1410 3048 1694 3120 vocant,
1753 3038 1826 3108 in
1865 3033 2189 3109 Amerina
2234 3032 2776 3131 Septentrionali
2829 3057 3000 3108 eon·-

882 3157 1157 3239 derent,
1208 3157 1280 3228 in
1334 3179 1474 3251 qua
1532 3157 1620 3230 ab
1675 3153 2050 3248 Religiosis
2089 3157 2406 3230 eiusdem
2452 3153 2740 3230 Ordinis
2778 3151 3002 3228 Soda-

880 3277 1067 3352 libus
1106 3279 1193 3352 ad
1230 3297 1505 3351 sacrum
1560 3276 2025 3358 ministerium
2083 3278 2370 3351 iuvenes
2411 3279 2992 3360 informarentur,

882 3411 1095 3494 atque
1178 3399 1365 3474 unde
1446 3400 1609 3471 novi
1661 3396 1984 3493 Operarii
2065 3399 2512 3472 mitterentur
2567 3401 2640 3470 in
2697 3417 2996 3470 messem

884 3515 1189 3600 Domini,
1268 3517 1465 3603 iilud,
1524 3519 1826 3592 iuvante
1904 3513 2080 3604 Deo,
2141 3519 2550 3592 memoratis
2633 3515 2996 3591 Monaehis

883 3643 1109 3714 tauste
1166 3639 1605 3732 feliciterque
1681 3640 2039 3714 suecessit.
2100 3635 2306 3712 Anno
2369 3639 2558 3712 enim
2635 3647 2996 3731 reparatae

884 3760 1129 3834 salutis
1183 3753 1613 3832 MDCCCLH
1656 3760 1796 3833 duo
1850 3756 2190 3852 Religiosi
2249 3761 2680 3844 sacerdote8‚
2745 3759 2997 3854 quibus

882 3901 973 3953 ex
1026 3879 1251 3950 animo
1308 3879 1381 3950 in
1465 3873 1768 3953 Domino
1851 3878 2361 3966 benediximus»,
2421 3881 2494 3952 in
2571 3875 2996 3950 Foederatos

881 3995 1244 4072 Americae
1298 3994 1541 4072 Status
1594 4001 1684 4071 ad
1739 4019 1914 4092 opus
1967 4001 2100 4071 hoe
2157 4001 2294 4072 tam
2377 3999 2654 4072 salubre
2711 4019 2796 4070 ae
2853 3999 2998 4071 fru-

882 4120 1183 4211 giferum
1235 4139 1325 4190 ex
1381 4114 1809 4193 Monasterio
1866 4121 1990 4193 illo
2047 4121 2377 4214 proiecti,
2418 4115 2996 4212 Vincennopolim

884 4239 961 4310 in
1014 4233 1224 4312 Statu
1282 4235 1571 4313 Indiano
1629 4254 2151 4333 pervenerunt,
2209 4239 2443 4334 ibique
2499 4261 2541 4312 a
2596 4235 2994 4312 Venerabili

888 4353 1133 4434 Fratre
1185 4354 1507 4433 Mauritio
1570 4362 1656 4434 de
1705 4357 1780 4433 S.
1842 4357 2069 4436 Palais
2125 4357 2796 4456 Vineeuuopolitano
2852 4356 2999 4432 An-
