3292 5275
2259 476 2410 557 291

296 614 705 707 regionibus
760 636 1029 708 semper
1082 617 1464 703 celebrata,
1522 617 2040 711 novissimeque
2075 614 2422 693 oecume-

296 736 441 810 nici
494 733 801 811 Concilii
856 732 1181 809 Vaticani
1262 737 1660 829 dogmatico
1731 737 2016 811 decreto
2067 738 2420 811 declarata

293 856 535 945 fuerit,
588 878 968 953 rursusque
1022 854 1318 929 firmata.
1377 853 1561 931 Hinc
1612 878 1700 931 eo
1737 853 1878 931 Nos
1916 859 2212 932 adactos.
2255 878 2422 931 sen·-

292 980 545 1064 simus,
585 990 664 1051 ut
703 978 791 1049 ad
826 978 1161 1051 tuendam
1216 998 1343 1071 pro
1378 974 1785 1071 Apostolico
1821 974 2075 1053 Nostro
2129 998 2420 1051 munere

292 1098 461 1171 fidei
486 1101 861 1183 unitatem,
892 1100 1257 1171 formulam
1286 1118 1415 1173 seu
1443 1099 1988 1173 declarationem
2018 1096 2178 1171 fidei
2203 1100 2420 1171 certis

292 1222 543 1295 verbis
582 1240 1017 1313 expressam,
1060 1240 1185 1311 pro
1220 1229 1505 1313 recepto
1551 1221 1625 1291 in
1661 1215 1986 1293 Ecclesia
2023 1240 2252 1306 more,
2293 1219 2422 1293 iis-

292 1342 459 1415 dem
512 1340 1081 1414 subscribendam
1134 1339 1429 1433 proponi
1484 1340 1914 1429 iuberemus;
1967 1340 2084 1415 eui
2139 1342 2198 1413 si
2249 1342 2422 1415 sub-

294 1462 605 1535 scribere
660 1470 1136 1547 recusassent,
1176 1460 1315 1533 iam
1351 1459 1870 1533 ecclesiasticae
1917 1461 2422 1555 perduellionis

294 1605 371 1657 se
428 1604 585 1657 reos
638 1582 1015 1674 proderent
1066 1592 1138 1655 et
1194 1602 1237 1655 a
1287 1574 1694 1655 Catholicae
1729 1578 2092 1657 Ecclesiae
2148 1580 2420 1657 unitate

297 1705 613 1777 avulsos.
670 1697 879 1791 Quod
916 1723 1079 1777 cum
1111 1700 1658 1784 detrectassent,
1692 1697 1863 1773 Ven.
1903 1696 2020 1773 Fr.
2061 1698 2418 1776 Antonius

298 1818 639 1916 Iosephus
667 1819 1001 1916 Archiep.
1046 1818 1493 1915 Thy-anneus,
1524 1818 1970 1914 Apostolicus
2014 1816 2424 1899 Constanti-

296 1944 531 2037 nopoli
582 1940 959 2034 Delegatus
985 1992 1013 2031 ,
1064 1937 1340 2016 Nostris
1396 1945 1788 2037 obsequens
1849 1944 2224 2031 mandatis,
2279 1941 2422 2019 No-

298 2076 581 2159 straque
618 2084 795 2137 usus
834 2064 1283 2144 auctoritate,
1320 2064 1601 2137 eosdem
1660 2064 2058 2139 schismatis
2112 2086 2296 2147 reos,
2335 2086 2418 2138 ac

296 2184 595 2281 proinde
650 2184 937 2258 maioris
982 2183 1730 2258 excommunicationis
1769 2184 2056 2260 vinculo
2111 2186 2420 2261 irretitos

296 2305 589 2381 solemni
641 2305 925 2377 decreto
980 2305 1493 2397 pronunciavit.

510 2420 835 2499 Profecto
868 2438 1046 2519 post
1097 2425 1229 2498 hoc
1283 2423 1643 2509 iudicium,
1683 2425 1918 2501 nullus
1975 2428 2114 2500 iam
2167 2445 2416 2521 super-

292 2560 445 2623 erat
506 2547 1017 2643 tergiversandi
1072 2545 1273 2621 locus
1298 2594 1321 2632 ,
1374 2560 1447 2620 et
1500 2548 1712 2620 novis
1774 2548 1966 2621 hisce
2031 2549 2421 2622 schismati·-

295 2671 401 2745 cis
438 2673 857 2743 alterutrum
896 2669 1371 2755 incumbebat,
1410 2681 1487 2742 ut
1524 2671 1640 2744 vel
1689 2668 1776 2742 ad
1833 2670 2092 2744 bonam
2145 2671 2418 2764 frugem

294 2801 827 2866 reverterentur
859 2837 885 2874 ,
940 2791 1055 2862 vel
1107 2790 1519 2864 ementitum
1574 2791 2082 2867 catholicorum
2157 2812 2415 2868 nomen

294 2913 587 2988 omnino
638 2912 1095 3004 deponerent.
1156 2907 1421 2986 Verum
1476 2931 1732 3003 magno
1787 2933 1950 2986 cnm
1985 2907 2244 2986 Nostro
2297 2913 2420 2988 do-

290 3033 437 3108 lore
490 3055 577 3108 eo
629 3033 1011 3108 deventum
1074 3043 1213 3118 est,
1251 3053 1393 3126 quo
1450 3033 1728 3106 eosdem
1769 3033 2212 3106 refractarios
2262 3031 2410 3109 fore

292 3175 775 3248 processuros,
812 3153 948 3224 etsi
984 3171 1125 3225 non
1164 3152 1355 3228 levia
1400 3153 1769 3228 subessent
1807 3153 2098 3240 indicia,
2135 3153 2416 3228 animus

293 3287 530 3348 tamen
584 3269 833 3348 Noster
886 3273 1171 3347 credere
1224 3271 1638 3366 refugiebat.
1715 3269 2006 3346 Etenim
2071 3272 2414 3350 indictum

290 3407 398 3469 est
450 3392 1014 3480 conciliabulum,
1072 3397 1147 3466 in
1201 3417 1341 3489 quo
1397 3394 1483 3466 de
1538 3415 1729 3469 novo
1783 3395 2180 3487 patriarcha
2243 3417 2416 3470 con-

292 3517 655 3590 stituendo
708 3525 1007 3608 egerunt
1064 3527 1217 3589 tum
1270 3515 1435 3590 laici
1491 3527 1668 3589 tum.
1695 3515 2022 3590 monachi
2077 3511 2415 3591 Sacerdo-

294 3647 397 3709 tes
452 3635 935 3710 schismaticae
988 3637 1347 3726 factionis3
1400 3648 1613 3734 atque
1669 3638 1846 3712 adeo
1897 3647 2206 3731 quatuor
2241 3633 2416 3732 Epi-

292 3759 511 3850 scopi,
552 3758 883 3832 videlicet
922 3753 1217 3832 lacobus
1262 3753 1716 3832 Bahatiarian
1765 3753 2413 3848 Diarbechiriensis,

292 3871 603 3952 Basilius
630 3875 1023 3971 Gasparian
1057 3873 1468 3973 Cyprensis,
1526 3900 1658 3953 nec
1713 3899 1858 3952 non
1913 3865 2228 3971 Ignatius
2279 3877 2416 3954 Ka·-

290 3995 573 4092 lybgian
616 3995 1041 4084 Amasenae,
1094 4012 1167 4074 et
1220 3994 1545 4076 Placidus
1598 3997 1994 4094 Kasangian
2033 3999 2414 4078 Antioche-

290 4137 425 4193 nae
478 4115 955 4194 Ecclesiarum
1012 4120 1235 4194 titulis
1290 4125 1717 4212 consecrati3
1751 4123 2198 4197 immemores
2255 4147 2414 4218 pro-

286 4241 475 4316 fecto
530 4239 885 4337 diguitatis
938 4263 1133 4329 suae,
1196 4241 1495 4339 fideique
1548 4254 1620 4318 et
1675 4244 2150 4330 obedientiae,
2199 4267 2412 4340 quam

288 4364 363 4438 in
416 4363 573 4460 ipsa
626 4381 749 4438 sua
802 4365 1339 4440 consecratione
1396 4359 1615 4444 Nobis
1671 4360 2082 4463 Nostrisque
2123 4361 2414 4444 Succes-

1843 4491 1984 4577 19*
