3292 5275
332 643 743 734 probentur.
805 638 911 715 Ex
970 644 1091 715 tali
1150 654 1389 717 autem
1442 642 1769 735 loquendi
1823 642 2033 715 modo
2091 653 2162 713 et
2208 645 2454 736 ,plures

332 785 549 858 quam
604 786 727 837 sex
784 766 1137 856 designari
1197 785 1429 857 posse,
1488 776 1559 836 et
1615 775 1696 836 ut
1752 765 1994 856 piures
2052 784 2454 857 proponan-

338 895 475 972 tur,
534 908 608 958 se
648 897 1017 979 exoptare
1092 888 1270 957 satis
1306 897 1584 978 ..aperte
1653 878 2150 959 Tridentinum
2223 889 2459 961 innuit

334 1026 465 1079 eeu
520 1009 765 1079 merito
832 1007 1166 1079 observat
1236 1002 1660 1085 Benedictus
1716 1000 1874 1077 XIV
1928 1006 2003 1077 in
2061 1029 2189 1081 suo
2243 1031 2457 1101 opere

334 1122 423 1197 de
478 1122 654 1225 Syn.
714 1124 957 1201 Dioec.
1019 1124 1137 1198 lib.
1196 1118 1271 1199 4.
1330 1148 1485 1224 cap.
1542 1118 1619 1199 7.
1685 1148 1880 1198 num.
1939 1117 2014 1200 3.
2073 1140 2232 1222 post
2283 1126 2460 1203 Bar·

336 1248 577 1320 bosam
635 1248 712 1321 in
767 1246 1037 1321 collect.
1082 1244 1179 1319 ad
1232 1238 1547 1351 cap.17.
1592 1242 1778 1321 Sess.
1835 1236 1966 1319 24.
2025 1240 2296 1337 n.85.,
2335 1252 2457 1326 ubi

336 1381 573 1439 tamen
631 1392 669 1441 3
728 1366 799 1441 S.
842 1366 1399 1461 congregatione
1436 1366 1732 1441 Concilii
1789 1368 2101 1443 decisum
2159 1370 2459 1445 refertur

334 1512 501 1561 non.
530 1510 677 1563 esse
731 1488 923 1563 ultra
976 1488 1227 1587 viyinti
1282 1489 1774 1583 proponendos
1814 1536 1836 1575 ‚
1891 1488 2189 1587 fortasse
2221 1540 2248 1575 ,
2303 1515 2460 1586 pro-

334 1614 659 1705 sequitur
706 1608 1063 1696 Pontifex,
1124 1607 1208 1681 ob
1256 1607 1692 1706 periculum,
1751 1632 1844 1683 ne
1893 1610 2194 1685 nimium
2251 1628 2458 1687 aucto

337 1728 748 1805 eorumdem
799 1753 1117 1815 numero,
1176 1730 1413 1806 minus
1466 1730 1768 1829 diliyens
1821 1732 1918 1807 sit
1960 1755 2458 1833 personarum,

336 1876 521 1953 quae
568 1866 1066 1953 proponuntur
1090 1904 1113 1941 ‚
1171 1848 1503 1925 delectae.

550 1972 741 2047 Haec
800 1970 957 2045 Effii
998 1972 1273 2047 Patms.
1306 1975 1522 2048 huius
1554 1970 2252 2069 &congregationis
2307 1998 2465 2055 ma·-

337 2110 498 2173 tura
562 2098 1062 2169 deliberatione
1148 2095 1666 2190 perpendentes
1733 2098 1802 2167 in
1867 2118 2019 2169 eam
2076 2119 2203 2190 per
2259 2124 2464 2194 prae-

336 2242 499 2293 sens
565 2212 946 2291 Decretum
1000 2229 1353 2291 venerunt
1410 2218 1858 2304 sententiam,
1899 2232 1980 2292 ut
2029 2240 2068 2291 3
2108 2216 2288 2295 Βῶο
2325 2218 2464 2295 Ar-

333 2340 775 2434 chiepiseopo
832 2338 1245 2412 cohibeatur
1302 2360 1639 2412 numerus
1679 2334 2000 2413 Indicum
2053 2354 2126 2413 et
2179 2338 2465 2417 Exami-

332 2450 1185 2554 natorumssSynodalium3
1236 2463 1336 2533 ita
1390 2474 1626 2533 tamen
1684 2470 1791 2545 ut,
1849 2460 1982 2533 boe
2037 2472 2457 2537 auctorante

336 2578 555 2655 Sauro
620 2575 887 2654 Ordine
918 2630 940 2668 ‚
996 2580 1043 2654 ii
1110 2583 1629 2656 tantummodo·
1663 2570 2056 2656 habeantur
2117 2606 2203 2658 ae
2279 2580 2461 2659 teies

316 2704 511 2787 ·sint,
570 2703 689 2796 qui
746 2715 1158 2796 sequnntur,
1218 2703 1566 2774 nimirum.

550 2819 831 2896 ludices
882 2819 1275 2941 Synodales
1326 2817 1619 2896 Novem.

552 2937 1119 3018 Examinatores
1149 2942 1537 3039 Synodales
1592 2939 1884 3040 Viginti.

547 3063 805 3139 Datum
860 3061 1119 3137 Romae
1174 3085 1265 3138 ex
1310 3065 1698 3140 Secretaria
1753 3064 1826 3139 S.
1855 3057 2446 3202 Congregationis

330 3189 637 3267 Concilii
691 3191 817 3264 hae
871 3192 985 3262 die
1047 3180 1170 3261 15.
1228 3185 1664 3281 Septembris
1721 3178 1949 3261 1872».

1219 3427 1305 3505 P.
1370 3425 1581 3506 Ginn.
1636 3417 1956 3506 Cri-runnu
2013 3421 2245 3506 Praei:
2337 3419 2346 3430 ’

976 3663 1059 3754 P.
1119 3677 1716 3774 Arebiepiseopus
1768 3673 2152 3751 Sardianus
2187 3672 2436 3750 ’δε-οτι·

341 3923 530 4001 Loeo
571 3927 667 4022 Β
710 3917 932 4019 Signi.
954 3932 961 3938 '
