3292 5275
901 490 1054 575 198

893 634 1064 705 dicti
1123 631 1484 724 utriusque
1541 650 1742 703 sexus
1796 648 2135 721 pauperes
2190 640 2262 700 et
2315 626 2685 700 derelictae
2732 632 2997 721 puellae

891 754 1138 845 excipi,
1179 774 1258 825 ae
1313 752 1630 842 congruis
1686 750 1875 821 vitae
1932 745 2257 821 subsidiis
2310 748 2635 821 adiuvari
2676 762 2987 841 possent.

892 869 1222 944 Similiter
1277 894 1398 963 per
1453 873 1624 943 alias
1678 866 1969 942 Nostras
2024 866 2459 961 Apostolicas
2512 864 2813 941 Litteras
2866 870 2999 942 sub

889 994 1171 1085 plumbo
1227 994 1422 1065 datas
1475 988 1801 1063 Kalendis
1857 989 2289 1083 Septembris
2327 986 2530 1062 Anno
2568 986 3001 1063 lucarnatio-

889 1116 996 1185 nis
1053 1109 1457 1185 Dominicae
1512 1108 2559 1202 Millesimo··Octingentesimo
2631 1106 2999 1204 Quinqua-

889 1236 1151 1328 gesimo
1183 1229 1422 1305 Tertio
1457 1272 1500 1287 -
1533 1229 1739 1303 Pont.
1770 1228 2005 1305 Nostri
2036 1229 2240 1305 Anno
2270 1228 2455 1316 Vm,
2511 1253 2807 1326 quarum
2862 1232 3002 1303 ini-

891 1357 1064 1427 tium
1111 1376 1146 1422 α
1183 1348 1628 1448 Senoqalliae
1676 1350 1878 1429 Urbis
1913 1378 1947 1423 n
1996 1346 2599 1449 (1)„Gymnasium
2636 1353 2707 1423 in
2754 1346 2999 1425 eadem

893 1474 1172 1547 civitate
1211 1470 1460 1546 Nostra
1501 1476 1809 1566 impensa
1862 1474 2311 1547 excitavimus
2350 1486 2423 1543 et
2472 1474 2993 1558 constituimus,

891 1596 1192 1667 maxime
1246 1594 1315 1665 in
1371 1596 1548 1667 votis
1603 1595 1939 1667 habentes
1994 1604 2075 1665 ut
2113 1594 2494 1666 christiana
2534 1616 2617 1666 ae
2654 1596 2998 1666 litteraria

891 1715 1434 1789 adolescentium
1491 1726 1640 1785 tum
1698 1710 2132 1805 Senogalliae
2168 1696 2337 1785 'tum
2390 1714 2581 1787 illius
2654 1715 2997 1787 dioecesis

891 1838 1236 1910 institutio
1291 1838 1696 1928 opportunis
1753 1837 2179 1910 adiumentis
2232 1838 2656 1928 comparatis
2718 1836 2797 1908 in
2848 1837 2999 1907 dies

891 1958 1108 2049 magis
1165 1977 1490 2049 prospere
1545 1953 1971 2029 floresceret.

1101 2071 1257 2164 Quo
1323 2098 1494 2150 vero
1556 2073 1699 2151 Nos
1770 2078 1975 2149 finem
2038 2080 2307 2172 assequi
2373 2082 2577 2171 plene
2634 2103 2999 2172 possemus

891 2218 1104 2291 quem
1141 2192 1358 2268 Nobis
1399 2199 1490 2267 .iu
1541 2198 1950 2271 huiusmodi
1992 2200 2563 2271 institutionibus
2597 2213 2669 2271 et
2706 2203 3007 2275 liberali-

894 2320 1062 2393 tatis
1118 2312 1414 2389 Nostrae
1469 2318 1793 2409 operibus
1851 2340 2458 2411 proposueramus,
2532 2342 2659 2411 per
2712 2316 3007 2396 Nostras

891 2438 1330 2532 Apostolieas
1387 2438 1657 2509 litteras
1696 2440 1807 2511 die
1837 2431 1941 2510 20
1972 2438 2233 2531 Aprilis
2271 2441 2493 2513 editas
2520 2454 2593 2511 et
2620 2463 2833 2534 supra
2862 2464 3009 2515 me-

896 2554 1236 2643 moratas,
1273 2560 1510 2629 rite-et
1549 2568 1878 2631 accurate
1915 2580 1993 2629 ea
2028 2560 2521 2634 constituenda
2568 2564 3005 2650 curavimus,

889 2703 1080 2776 quae
1128 2676 1803 2752 administrationem
1843 2681 2181 2772 praedicti
2222 2678 2331 2754 Pii
2374 2681 2679 2754 Instituti
2720 2705 2846 2759 seu
2890 2686 3011 2758 do-

892 2821 1058 2876 mus·
1082 2804 1300 2892 vulgo
1339 2798 1416 2871 di
1443 2798 1781 2873 Rieovero
1820 2815 1892 2873 et
1928 2799 2486 2894 commissionem
2524 2807 2749 2878 eidem
2798 2829 3011 2900 prae-

887 2926 1192 3019 positam
1247 2924 1702 3014 respicerent,
1760 2940 2077 3016 quaeque
2129 2917 2218 2994 ad'
2272 2927 2459 2999 illius
2515 2929 2823 3019 regimen
2882 2951 3011 3001 or-

891 3043 1309 3125 dinandum,
1345 3041 1453 3114 -ad
1487 3041 2054 3133 -praefiniendam
2106 3057 2403 3126 aetatem
2456 3049 2849 3139 puellarum
2886 3053 3011 3120 ad-

885 3164 1422 3244 mittendarum,
1474 3162 1569 3234 md
1601 3159 1915 3255 1-t'empus
1989 3184 2231 3244 earum
2308 3171 2875 3244 commorationis
2934 3173 3007 3242 in

885 3285 1244 3379 praedicta
1278 3284 1512 3369 domo,
1543 3279 1793 3357 a'dieos
1831 3285 2299 3376 designandos
2326 3289 2451 3380 qui
2490 3285 2903 3362 nominandi
2932 3303 3009 3363 et

883 3402 1303 3484 admittendi
1345 3405 1602 3488 forent,
1642 3407 2099 3488 referrentur,
2152 3399 2363 3478 Nobis
2398 3429 2735 3502 expresse
2776 3429 3011 3483 reser-

889 3537 1142 3596 vantes
1207 3524 1344 3602 alia
1384 3525 1454 3596 in
1511 3541 1867 3616 posterum
1931 3525 2307 3601 decernere
2370 3549 2457 3600 ae
2520 3533 3009 3621 praescribere

887 3641 1197 3740 'quae-ad
1252 3647 1580 3718 maiorem
1627 3647 1945 3718 eiusdem
1979 3643 2087 3716 Pii
2126 3643 2435 3721 Instituti
2476 3651 3011 3742 prosperitatem

886 3779 1042 3840 tum
1095 3767 1372 3839 civilem
1429 3778 1578 3840 tum
1643 3771 1969 3840 moralem
2026 3758 2373 3860 pertinere
2428 3791 2629 3863 posse
2698 3773 3013 3845 iudicas-

889 3892 1144 3962 semus.

883 4016 902 4090 ἰ,
977 4052 984 4065 ‚
1032 4024 1042 4036 ·
1094 4005 1361 4080 Eadem
1418 4019 1785 4101 praeterea
1840 4005 2309 4082 sollieitudine
2346 4011 2641 4103 permoti
2676 4035 2845 4105 erga
2874 4011 3017 4086 Se-

887 4133 1323 4225 nogalliense
1370 4119 1832 4221 Gymnasium
1898 4148 2025 4222 per
2063 4127 2499 4222 Apostolicas
2536 4129 2825 4206 Nostras
2886 4137 3017 4206 lit-

881 4265 1074 4324 teras
1108 4243 1562 4343 subvenibo
1608 4253 1812 4323 datas
1849 4245 1962 4321 die
2009 4242 2077 4322 1.
2102 4237 2548 4344 'Septembris
2586 4255 2849 4346 pariter
2886 4275 3011 4326 su-

1009 4387 1090 4470 (1)
1133 4387 1278 4454 Vid.
1321 4389 1468 4455 Aet.
1519 4393 1651 4458 vol.
1698 4389 1749 4454 1.
1796 4409 1943 4473 pag»
1986 4387 2125 4458 &23-
2235 4425 2248 4440 ·
2341 4422 2352 4442 ·
