3292 5275
2399 509 2555 592 383

509 657 767 728 temque
810 647 1249 712 demonstrat:
1294 665 1379 708 ex
1426 645 1666 724 studio,
1709 645 2025 726 doctrina,
2056 643 2396 710 concordia

509 747 603 805 tot
621 738 1107 806 Venerabilium
1128 735 1437 802 Fratrum
1468 735 1761 804 Concilio
1789 739 2182 803 adstantium
2207 739 2399 802 uber-

504 835 703 897 rimos
748 833 999 897 fructus
1026 849 1144 915 pro
1173 830 1474 898 divexata
1507 827 1800 896 Ecclesia
1831 839 1896 896 et
1921 831 2220 896 fidelibus
2251 833 2396 896 uni-

504 929 709 992 versis
736 927 856 990 sibi
882 926 1267 1008 pollicetur:
1314 925 1569 989 tandem
1604 921 1864 988 Patrem
1895 924 2240 1004 luminum,
2273 923 2397 987 lm-

506 1020 899 1084 maculatam
939 1016 1272 1102 Virginem
1303 1015 1684 1103 Deiparam,
1721 1018 2186 1101 Apostolorum
2213 1015 2400 1082 Priu-

508 1115 707 1196 cipes,
748 1119 1127 1196 ceterosque
1172 1110 1449 1179 Caelites
1480 1112 1670 1177 enixe
1702 1112 2111 1195 deprecatur,
2134 1120 2208 1177 ut
2231 1111 2401 1176 sacri

512 1205 785 1273 Concilii
832 1204 1059 1272 Patres
1086 1207 1527 1271 'ministerium
1568 1224 1761 1270 suum
1809 1205 2090 1270 fideliter
2131 1205 2399 1287 implere

510 1302 791 1368 valeant.
870 1345 887 1362 .
1058 1346 1073 1362 .
1244 1345 1259 1361 .
1432 1346 1447 1360 .
1617 1345 1632 1361 .
1805 1344 1820 1359 .
1991 1346 2005 1360 .
2175 1347 2191 1361 .
2367 1320 2400 1359 n
2437 1291 2562 1366 109

430 1489 715 1555 Litterae
745 1487 1158 1572 Apostolicae
1197 1489 1318 1554 sub
1357 1488 1600 1552 annulo
1626 1485 1977 1552 Piscatoris
2003 1521 2032 1536 -
2065 1483 2240 1564 Quae
2266 1486 2402 1552 bre·-

511 1585 579 1648 vi
618 1603 934 1648 annorum
960 1601 1157 1646 cursu
1183 1616 1210 1629 -
1242 1582 1345 1645 die
1369 1577 1452 1648 28
1478 1581 1834 1646 decembris
1846 1599 1871 1660 3
1914 1581 2148 1664 quihus
2186 1580 2401 1644 decla·

513 1685 700 1740 ratur
738 1673 991 1740 Ducem
1034 1671 1257 1740 Sforza
1321 1673 1609 1740 Cesarini
1655 1675 1758 1738 ius
1803 1679 2186 1756 patronatus
2235 1671 2402 1756 Cap—

514 1771 727 1853 pellae
770 1765 1059 1835 sixtinae
1099 1770 1163 1832 in
1202 1765 1481 1832 Basilica
1518 1766 1863 1834 Libet-iana
1907 1768 2193 1833 cessisse.
2363 1789 2398 1828 »
2437 1763 2560 1834 116

1253 2239 1752 2312 MDCCGLxx.

440 2521 721 2590 Litterae
777 2525 1189 2607 Apostolicae
1229 2527 1351 2591 sub
1393 2528 1637 2593 annulo
1677 2523 2026 2592 Piscator-is
2063 2559 2094 2572 -
2121 2521 2406 2608 Retiqio-

394 2688 401 2697 ,
525 2641 626 2685 sas
667 2619 799 2704 Req
808 2618 1089 2685 utorium
1142 2618 1462 2687 ordinum
1502 2619 1782 2703 familias
1809 2654 1840 2669 -
1880 2621 1983 2685 die
2023 2617 2106 2686 23
2144 2619 2404 2685 Februa·

520 2717 600 2779 rii
610 2735 635 2795 5
678 2716 911 2798 quibus
940 2715 1317 2798 Apostolica
1360 2717 1642 2782 visitatio
1670 2697 1736 2779 in
1768 2715 2132 2780 Antoniano
2177 2712 2404 2778 Arme—

522 2810 776 2873 niorum
820 2806 1291 2874 Monachorum
1338 2806 1584 2875 Ordine
1626 2810 1932 2874 indicitur
2003 2853 2018 2869 .
2187 2854 2202 2870 .
2371 2829 2404 2868 a
2451 2802 2565 2873 125

443 2994 737 3079 Epistola
776 3030 807 3043 -
851 2996 995 3063 Non
1035 2996 1169 3061 sim
1208 2995 1586 3079 gravissimo
1626 3030 1658 3045 -
1697 2998 1799 3061 die
1842 2994 1923 3065 24
1964 2995 2276 3060 februarii
2325 2996 2405 3059 ad

523 3088 876 3154 Antonium
920 3090 1494 3175 Archiepiscopum
1546 3088 1964 3173 Thyauacum
2015 3087 2404 3173 Delegatum

522 3182 975 3267 Apostolicum
1017 3182 1666 3268 constantinopoleos
1708 3202 1905 3267 super
1945 3182 2361 3265 querimoniis
2383 3229 2404 3263 ‚

523 3278 817 3358 dissidiis,
858 3285 925 3343 et
965 3279 1230 3343 ausibus
1283 3279 1751 3343 nonnullorum
1782 3278 2242 3343 Armeniorum
2284 3275 2408 3343 Ca-

522 3373 913 3437 tholicorum
958 3374 1114 3437 inibi
1155 3373 1549 3455 degentium.
1582 3370 1739 3455 Ipsi,
1781 3374 1895 3455 qui
1938 3370 2185 3437 Romae
2229 3373 2409 3438 adest

521 3466 806 3545 mandat,
858 3473 932 3535 ut
981 3463 1610 3551 Constantinopolim
1664 3466 1969 3531 celeriter
2007 3465 2254 3545 redeat,
2295 3484 2408 3530 ne-

524 3561 816 3625 cessariis
864 3560 1160 3624 omuibus
1209 3567 1403 3642 atque
1465 3560 1848 3643 opportunis
1906 3558 2257 3625 instructus
2313 3560 2409 3624 ra·

524 3656 899 3733 cultatibus,
933 3671 1209 3737 quarum
1250 3672 1373 3739 ope
1403 3661 1670 3720 exortas
1693 3656 1759 3718 iu
1786 3654 1902 3717 illa
1937 3652 2230 3719 Ecclesia
2261 3673 2404 3736 per·

524 3750 925 3814 turbationes
968 3764 1403 3829 compescere,
1434 3764 1788 3831 pacemque
1817 3747 2000 3813 illinc
2031 3750 2406 3813 exulantem

526 3844 870 3907 restituere
920 3860 1040 3925 pro
1090 3843 1336 3907 viribus
1385 3844 1731 3908 contendat
1824 3889 1839 3906 .
2008 3887 2023 3904 .
2190 3888 2207 3905 .
2376 3862 2409 3901 n
2449 3834 2570 3907 129

448 4026 733 4096 Litterae
782 4026 1181 4112 apostolicae
1244 4030 1365 4095 sub
1434 4032 1678 4097 annulo
1729 4029 2080 4096 Piscatoris
2136 4062 2168 4078 ·
2229 4026 2405 4107 Quae

527 4124 832 4189 catholico
870 4122 1120 4189 nomini
1157 4156 1190 4172 -
1230 4124 1333 4189 die
1368 4120 1444 4191 11
1496 4126 1732 4190 martii.
1780 4122 1878 4188 De
1927 4125 2252 4189 erectione
2293 4142 2406 4188 uo·

531 4237 649 4285 vae
712 4216 1116 4300 Episcopalis
1186 4214 1368 4282 Sedis
1435 4215 1500 4284 S.
1553 4219 1899 4301 Augustini
1948 4220 2014 4283 in
2077 4220 2406 4284 territorio

527 4308 579 4378 F
584 4312 856 4391 loridae,
884 4312 1197 4397 illamque
1241 4311 1716 4397 suffraganeam
1743 4330 1882 4381 esse
1929 4312 2110 4383 iubet
2136 4311 2404 4381 Archie·

528 4406 775 4496 piscopt
816 4404 1301 4477 Baltimorcnsis
1448 4434 1465 4475 a
1634 4452 1653 4475 .
1819 4450 1836 4475 .
2001 4450 2019 4475 .
2186 4450 2204 4477 0
2369 4426 2406 4477 n
2444 4399 2566 4479 137
