3292 5275
593 367 688 381 N-

2276 443 2437 528 289

299 587 471 679 NoS,
515 604 870 685 tamquam
925 589 1250 664 custodes
1304 599 1376 661 et
1429 587 1743 660 vindices
1797 586 1964 660 fidei
2019 597 2093 659 et
2128 587 2427 662 unitatis

301 709 664 786 Ecclesiae
702 708 863 795 Dei,
907 710 976 781 in
1031 709 1230 783 illum
1283 711 1470 782 ferre
1525 707 1947 796 debuimus3
2003 707 2201 780 cuius
2257 729 2427 802 pro-

301 837 498 910 fecto
555 829 1179 906 animadversionis
1232 830 1375 904 vim
1431 831 1488 901 si
1546 850 1681 901 non
1746 829 2101 920 intelligit,
2156 829 2375 902 miser
2404 849 2433 919 3

301 957 523 1027 multo
579 973 755 1027 vero
809 951 1152 1033 miserior,
1209 951 1270 1021 si
1329 949 1657 1039 intelligit
1712 958 1785 1020 et
1838 949 2245 1020 contemnit.

516 1067 722 1146 Nunc
781 1091 976 1156 vero,
1015 1066 1472 1142 venerabiles
1509 1065 1793 1143 Fratres
1836 1077 1906 1140 et
1943 1064 2200 1141 Dilecti
2231 1065 2428 1156 Filii,
2557 1074 2573 1088 '

305 1215 463 1267 cum
519 1194 706 1265 aliud
770 1191 941 1265 illud
999 1190 1413 1262 detestabile
1487 1190 1761 1260 facinus
1818 1190 1893 1260 in
1946 1191 2294 1262 electione
2348 1198 2429 1262 et

305 1313 834 1388 consecratione
874 1311 1492 1406 pseudo-episcopi
1523 1305 1989 1383 Hui-lemensis
2028 1310 2433 1397 admissum,

300 1429 493 1529 'quod
547 1454 802 1527 magno
859 1453 1018 1506 cum
1073 1431 1320 1504 dolore
1359 1453 1440 1502 ex
1475 1434 1879 1505 memoratis
1904 1427 2279 1504 Hermanni
2320 1434 2437 1505 lit-

311 1553 484 1628 teris
537 1555 802 1648 pariter
856 1555 1331 1642 cognovimus,
1361 1573 1403 1626 a
1441 1548 1657 1624 Nobis
1713 1574 1936 1647 aeque
1992 1554 2325 1646 postulet,
2356 1565 2439 1626 ut
2518 1601 2521 1604 -

311 1678 412 1748 rei
469 1673 799 1766 gravitati
833 1675 1004 1766 pari
1059 1674 1524 1746 sollicitudine
1562 1686 1635 1747 et
1672 1673 2151 1748 schismaticae
2189 1675 2438 1768 pravi-

307 1797 470 1870 tatis
505 1795 818 1869 fallacias
858 1805 932 1867 et
987 1808 1358 1885 contagem
1413 1819 1453 1868 a
1511 1797 1773 1889 populo
1811 1791 1943 1869 Dei
1979 1797 2439 1889 repellamuS,

306 1915 610 1989 officium
641 1911 972 1990 Nostrum
1001 1914 1496 1990 incunctanter
1523 1918 1963 2009 implendum
1998 1917 2403 1988 censuimus
2413 1965 2441 2005 ‚

309 2058 452 2130 quo
479 2029 740 2108 Christi
779 2055 1058 2130 gregem
1095 2031 1306 2109 Nobis
1345 2036 1817 2111 concreditum
1860 2037 1949 2108 ab
1994 2039 2189 2121 omni
2248 2037 2443 2110 frau-

316 2158 426 2228 dis
484 2157 794 2249 perieulo
857 2159 1180 2249 eripere,
1237 2159 1532 2251 eiusque
1611 2157 1953 2241 salutem,
2008 2179 2093 2230 ac
2146 2157 2310 2232 fidei
2364 2172 2443 2234 et
2574 2213 2579 2216 -

311 2273 666 2348 Ecclesiae
737 2279 1078 2350 unitatem
1143 2299 1644 2373 sacrarumque
1721 2280 1950 2369 legum
2023 2278 2179 2350 iura
2256 2283 2441 2354 tueri

312 2410 658 2472 tenemur.
718 2394 1175 2492 Quapropter
1247 2403 1564 2492 exempla
1631 2395 2099 2474 Decessorum
2148 2397 2445 2500 Nostro-

315 2539 469 2589 rum
511 2519 818 2613 sequuti,
851 2521 1154 2611 primum
1183 2530 1326 2592 tam
1354 2521 1761 2594 electionem
1789 2518 2119 2613 Casparis
2158 2520 2445 2596 Ioannis

311 2633 584 2712 Rinkel
639 2642 712 2711 in
749 2634 1278 2713 Harlemensem
1334 2642 2047 2735 pseudo-episcopum
2100 2645 2443 2729 illicitam,

317 2762 596 2833 irritam
651 2772 722 2831 et
759 2761 1047 2833 omnino
1105 2761 1392 2847 nullam,
1432 2784 1642 2857 quam
1697 2764 2233 2856 subsequentem
2288 2766 2443 2837 eius

315 2880 908 2955 consecrationem
947 2905 984 2954 a
1035 2884 1395 2976 praedicto
1461 2880 2102 2978 pseudo-episcopo
2158 2880 2449 2957 Deven-

321 3004 561 3075 triensi
603 3012 960 3096 peractam
1003 3004 1268 3076 iamdiu
1309 3005 1944 3077 ecclesiasticarum
1982 3024 2447 3079 censurarum

317 3124 620 3197 vinculis
677 3124 1148 3197 obstricto-et
1201 3126 1389 3196 omni
1425 3121 1760 3196 exercitio
1791 3120 2202 3216 Episcopali
2234 3125 2449 3197 iuris-

299 3245 644 3316 ·dictionis
702 3266 786 3317 ac
841 3244 1108 3317 ordinis
1165 3245 1502 3317 destituto
1530 3292 1557 3325 ‚
1613 3243 2043 3337 illegitimam
2102 3266 2185 3319 ac
2242 3244 2451 3319 sacri-

299 3366 540 3459 ·legam
591 3386 747 3439 esse
788 3360 1195 3458 Apostolica
1234 3360 1491 3436 Nostra
1531 3363 1954 3438 auctoritate
2012 3366 2447 3441 decernimus

319 3506 404 3558 ac
439 3485 870 3559 declaramus
901 3508 926 3575 3
963 3505 1222 3581 easque
1281 3486 1776 3578 reprobamuS‚
1818 3487 2172 3559 reiicimus
2210 3508 2295 3559 ac
2330 3490 2449 3559 de-
2520 3466 2531 3476 ¹

321 3618 688 3679 testamur.
717 3602 989 3680 Deinde
1027 3618 1180 3678 tum
1221 3618 1681 3679 memoratum
1738 3607 2449 3702 pseudo-episcopum

322 3724 900 3803 Daventriensem
918 3724 1278 3801 Hermann
1289 3748 1408 3800 um
1441 3738 2025 3816 consecratorem,
2042 3741 2191 3803 tum
2220 3730 2449 3822 ipsum

320 3843 578 3922 Rinkel
617 3861 857 3923 contra
897 3851 1010 3922 ius
1055 3849 1290 3943 fasque
1319 3848 1610 3922 electum
1641 3860 1717 3922 et
1744 3861 2254 3937 consecratum,
2284 3870 2453 3924 nec-

321 3985 465 4041 non
521 3990 644 4043 eos
698 3990 958 4056 omnes,
1000 3971 1124 4064 qui
1183 3972 1502 4042 eiusdem
1555 3968 1889 4043 electioni
1938 3981 2057 4043 aut
2094 3990 2454 4045 consecra-

319 4090 496 4161 tioni
551 4112 834 4183 operam
863 4140 885 4178 ,
943 4091 1322 4165 consilium
1357 4138 1378 4174 ‚
1437 4112 1851 4164 consensum
1906 4090 2449 4183 praestiterunt,

281 4212 741 4284 -auctoritate
815 4207 1330 4305 omnipotentis
1405 4207 1538 4285 Dei
1611 4212 2303 4287 excommunicamus
2374 4222 2451 4287 et

323 4330 994 4405 anathematizamus
1028 4380 1052 4419 ‚
1113 4341 1322 4427 atquc
1387 4333 1477 4405 ab
1531 4327 1891 4473 EcclesiQ
1958 4333 2450 4425 communione

1926 4456 2023 4539 19
