3292 5275
842 611 1197 690 Urbaniae
1250 625 1323 688 et
1360 611 1437 688 S.
1470 613 1724 708 Angeli
1759 612 2233 700 Civitatibus,
2269 623 2478 708 atque
2532 635 2776 688 earum
2799 609 2982 706 Epi-

843 755 1053 825 scopo
1110 756 1235 827 pro
1294 746 1605 828 tempore
1664 734 1872 814 datis,
1915 736 2035 806 sed
2097 736 2316 806 etiam
2353 735 2438 806 ab
2479 729 2980 826 ipsometEpi-

844 872 1057 944 scopo
1113 855 1212 925 sic
1250 856 1482 928 electo
1517 857 1589 928 iu
1618 851 1944 928 Decretis
1981 854 2274 947 aliisque
2313 853 2462 930 suis
2505 853 2784 926 actibus
2832 862 2979 924 tam

845 973 1309 1060 iudicialibuS‚
1366 997 1577 1070 quam
1651 975 2332 1049 extraiudicialibuS.

1054 1090 1353 1186 Insuper
1424 1117 1515 1172 ex
1588 1107 1868 1186 regesto
1921 1092 2350 1168 Litterarum
2407 1089 2978 1188 Apostolicarum

843 1215 976 1286 suh
1034 1216 1317 1307 plumbo
1374 1217 1800 1307 provisionis
1870 1216 2288 1306 earumdem
2328 1210 2812 1290 Ecclesiarum
2865 1214 2980 1285 in-

844 1337 1072 1410 vicem
1128 1357 1351 1428 aeque
1408 1336 1894 1428 principaliter
1947 1339 2306 1410 unitarum
2364 1337 2454 1412 ab
2521 1357 2710 1414 anno
2784 1357 2982 1408 nem-

844 1477 935 1548 pe
980 1447 1213 1541 1636,
1254 1458 1384 1529 sub
1440 1459 1688 1530 eodem
1753 1453 2097 1532 Pontifice
2163 1453 2446 1530 Urbano
2483 1451 2671 1530 vlu.
2731 1458 2978 1530 favore

846 1573 934 1648 Β.
966 1574 1046 1647 Ρ.
1079 1574 1165 1648 D.
1226 1574 1563 1680 Honorati
1622 1581 1828 1672 primi
1871 1573 2245 1652 Urbanien.
2289 1589 2363 1650 et
2405 1573 2478 1650 S.
2512 1575 2761 1671 Angeli
2801 1575 2983 1672 Epi-

848 1701 1038 1791 scopi
1096 1721 1320 1792 usque
1376 1700 1465 1772 ad
1521 1699 2014 1793 provisionem
2069 1720 2250 1772 anno
2313 1689 2516 1772 1849
2571 1721 2615 1772 a
2669 1694 2984 1771 Sanctis-

846 1819 1025 1890 simo
1083 1816 1383 1891 Domino
1437 1815 1691 1910 Nostro
1747 1815 1878 1891 Pio
1934 1817 2143 1894 huius
2199 1817 2502 1891 nominis
2557 1813 2760 1890 Nono
2817 1841 2985 1910 per-

845 1951 1079 2012 actam
1113 1944 1353 2015 favore
1408 1936 1495 2011 Β.
1527 1937 1608 2012 Ρ.
1643 1936 1730 2010 D.
1787 1936 2162 2012 Boscarini
2201 1937 2396 2012 Gatti
2437 1941 2772 2033 postremi
2803 1935 2986 2032 Epi-

848 2060 1069 2153 scopi,
1100 2063 1225 2154 qui
1265 2063 1605 2147 decessit,
1652 2057 1728 2131 S.
1762 2058 2012 2151 Angeli
2051 2072 2123 2131 et
2157 2055 2536 2131 Urbanien.
2579 2059 2980 2132 huiusmodi

846 2183 1516 2274 praenominationis
1571 2181 1992 2256 alternative
2049 2201 2318 2273 semper
2383 2180 2984 2262 observantium,

850 2313 1061 2394 atque
1119 2301 1405 2394 pacifice
1461 2303 1629 2374 fuit.

1068 2417 1331 2495 Verum
1368 2423 1521 2494 vita
1560 2424 1873 2516 piissime
1935 2424 2182 2496 functo
2237 2421 2324 2497 R.
2357 2420 2440 2496 P.
2469 2421 2558 2496 D.
2613 2419 2988 2500 Boscarini

848 2555 1003 2624 tum
1051 2545 1127 2616 in
1184 2539 1679 2618 Consistoriali
1735 2544 2140 2641 praeconio,
2171 2565 2338 2618 cum
2371 2545 2446 2618 in
2477 2540 2766 2619 Litteris
2793 2539 2988 2639 Apo·-

848 2667 1117 2741 stoliois
1174 2666 1309 2741 sub
1364 2665 1674 2759 plumbo,
1717 2668 2022 2761 aliisque
2059 2662 2414 2742 Brevibus
2454 2667 2876 2741 facultatum
2911 2676 2992 2739 et

848 2782 1243 2881 Rescriptis
1279 2785 1625 2867 relativis,
1644 2808 1825 2881 quae
1866 2786 2022 2861 fieri
2057 2786 2368 2881 oportuit
2403 2786 2488 2859 ad
2525 2806 2782 2879 novam
2823 2807 2992 2881 pro-

849 2905 1195 2989 visionem
1270 2907 1682 2983 earumdem
1757 2903 2258 2981 Ecclesiarum
2327 2908 2578 2983 favore
2639 2902 2727 2981 Β.
2767 2902 2849 2981 P.
2885 2902 2984 2979 D.

847 3022 1133 3101 loannis
1172 3023 1441 3101 Mariae
1476 3024 1718 3101 Maioli
1769 3049 1894 3119 per
1949 3028 2261 3101 eiusdem
2319 3028 2856 3103 translationem
2897 3026 2992 3099 ab

848 3142 1169 3229 Ecclesia
1206 3144 1507 3223 Dotensi
1563 3148 1633 3221 in
1690 3148 2016 3241 partibus
2067 3148 2483 3233 infidelium,
2513 3149 2624 3221 ius
2677 3150 2994 3223 alterna-

848 3268 1083 3347 tivum
1138 3270 1814 3363 praenominationis
1869 3264 2188 3367 (Eodem
2219 3261 2498 3371 inscio)
2527 3271 2640 3348 ob
2696 3270 2990 3363 scripto-

848 3409 1007 3469 rum
1060 3389 1411 3461 incuriam
1465 3400 1818 3463 retentum
1873 3412 2012 3463 non
2067 3392 2232 3476 fuit,
2301 3392 2478 3463 adeo
2545 3402 2630 3465 ut
2703 3410 2988 3483 semper

848 3512 1257 3586 nominetur
1303 3506 1696 3605 Episcopus
1749 3509 1824 3585 S.
1855 3510 2101 3608 Angeli
2171 3524 2244 3587 et
2294 3508 2788 3599 Urbaniensis,
2819 3532 2988 3589 cum

850 3652 891 3713 e
944 3651 1290 3707 converso
1345 3632 1483 3705 hac
1534 3634 1694 3707 vice
1751 3628 2210 3708 Urbaniensis
2285 3644 2360 3707 et
2413 3628 2487 3705 S.
2543 3629 2794 3727 Angcli
2849 3654 2990 3727 ap·-

848 3734 1104 3845 pellari‘
1144 3751 1523 3827 debuisset.

1062 3867 1263 3959 Quae
1290 3873 1575 3966 quidem
1605 3894 1718 3945 res
1747 3875 1837 3949 ad
1877 3895 2190 3949 errorem
2227 3874 2566 3969 perducta
2603 3874 2742 3951 iuri
2777 3894 2994 3967 quae-

850 3993 987 4073 sito
1039 3993 1453 4087 alternativo
1504 3978 1790 4071 illarum
1817 3992 2314 4071 Ecclesiarum
2351 3994 2654 4085 ‚omniuo
2705 3997 2986 4072 officere

848 4091 1121 4207 nequit.
1175 4135 1309 4189 nec
1364 4114 1889 4212 innovationem
1959 4116 2560 4211 ullam0inducere
2625 4114 2988 4191 evidenter

848 4234 1082 4325 valet.
1105 4234 1202 4309 ita
1256 4247 1333 4311 ut
1388 4238 1818 4314 novissimus
1870 4234 2270 4331 Episcopus
2311 4236 2594 4314 illarum
2617 4232 2990 4311 Ecclesia·-

850 4376 1009 4437 tum
1060 4337 1223 4432 mox
1275 4358 1547 4442 electus
1598 4360 1734 4436 hac
1787 4360 1942 4433 vice
1998 4359 2090 4431 sit
2159 4369 2234 4431 et
2303 4358 2710 4445 nominetur
2764 4352 2990 4431 Urba·-
