3292 5275
849 452 1010 542 232

849 599 999 674 'rius
1057 579 1297 672 sedere
1353 599 1650 685 debeat3
1701 597 1864 692 quid
1921 593 2137 671 Nobis
2212 599 2561 694 reliquum
2626 611 2781 686 est,
2841 591 2982 672 nisi

851 732 933 796 u't
989 719 1368 812 impensius
1445 721 1929 812 confugIamus
1986 721 2072 793 ad
2129 717 2363 820 Eum,
2421 721 2542 815 qui
2606 721 2805 796 dives
2862 731 2977 794 est

851 841 918 914 in
974 839 1452 912 miseric-ordia
1511 861 1594 910 ac
1650 846 1895 914 ‘servos
1953 856 2113 914 suos
2152 864 2291 916 non
2344 832 2607 916 deserit
2662 845 2737 914 in
2793 853 2981 924 tem-

851 983 1018 1058 pore
1077 961 1548 1032 tribulationis
1580 953 1620 1030 ἰ’

1063 1069 1158 1152 Ει
1213 1095 1379 1152 sane
1435 1081 1576 1151 iam·
1662 1077 1853 1154 haud
1936 1081 2231 1155 obscure
2292 1081 2519 1156 virtus
2585 1084 2983 1157 ostenditur

843 1185 1346 1274 Providentiae
1413 1188 1701 1272 divinae
1766 1201 1841 1273 in
1904 1204 2214 1294 perfecta
2296 1209 2454 1275 cum
2506 1201 2637 1276 hac
2709 1197 2977 1277 Sancta

839 1309 1031 1394 Sede
1086 1318 1586 1394 coniunctione
1642 1281 2154 1415 Episcoporum
2209 1323 2576 1409 omnium,
2633 1327 2708 1397 in
2766 1327 2977 1399 nobi-

840 1430 1113 1514 lissima
1195 1453 1436 1514 eorum
1515 1439 1847 1513 firmitate
1906 1441 2251 1553 adversus
2323 1445 2599 1538 iniquas
2654 1442 2843 1538 leges
2902 1459 2977 1519 et

839 1561 1384 1658 usurpationem
1423 1574 1786 1635 sacrorum
1826 1558 2173 1648 iudum,
2153 1585 2226 1635 in
2264 1564 2783 1658 impensissimo
2820 1579 2975 1641 stu-

845 1689 966 1760 ·dio
1027 1684 1237 1758 totius
1294 1674 1682 1755 catholicae
1720 1682 2022 1755 familiae
2066 1702 2230 1776 erga
2264 1683 2398 1758 hoc
2454 1671 2741 1759 unitatis
2794 1709 2974 1761 cen-

851 1815 1083 1892 trum‚'
1129 1807 1205 1876 in
1260 1798 1680 1878 vivificante
1752 1802 1869 1878 illo
1944 1805 2254 1898 spiritu,
2308 1796 2675 1900 q¹uo²fldes
2724 1813 2801 1880 et
2856 1829 2979 1882 ea·-

842 1927 1016 2002 ritas
1067 1917 1140 1998 in
1197 1923 1575 1998 christiano
1631 1925 1894 2017 populo
1952 1926 2321 2000 roboratae
2374 1932 2449 2000 et
2504 1940 2757 2002 auctae
2816 1953 2981 2023 pas-

839 2053 984 2123 sim
1065 2053 1442 2138 erumpunt
1518 2045 1595 2118 in
1653 2065 1865 2140 opera
1922 2047 2323 2164 laetissimis
2380 2032 2589 2143 digna
2643 2053 2983 2144 tempori-

845 2172 980 2246 bus
1037 2157 1428 2241 Ecclesiae.
2006 2184 2016 2197 ·

835 2295 850 2304 ‘
923 2304 928 2312 ·
1059 2280 1380 2360 Nitamur
1419 2283 1636 2377 igitur
1674 2299 1915 2380 optata
1950 2298 2322 2363 maturare
2346 2289 2763 2364 elementiae
2804 2299 2985 2364 tem-

833 2417 1056 2505 'porat
1117 2418 1360 2481 omnes
1417 2407 1651 2492 simul,
1710 2409 1846 2501 qua
1886 2411 2023 2482 lale
2066 2419 2264 2502 patet
2308 2407 2525 2495 orbiS‚
2578 2410 2767 2504 piam
2836 2415 2981 2488 vim

840 2526 995 2604 Deo
1051 2542 1292 2602 nostro
1351 2530 1605 2600 inferre
1645 2544 2009 2602 conemur.
2071 2523 2398 2605 Universi
2439 2550 2799 2605 sacrorum
2835 2531 2987 2606 An-

827 2654 1107 2726 'tistites
1135 2649 1219 2721 ad
1269 2651 1335 2721 id
1365 2615 1683 2722 excitent'
1724 2651 2101 2743 parochos,
2134 2655 2455 2727 universi
2499 2654 2787 2746 parochi
2824 2673 2988 2747 pro-

831 2775 1074 2866 ‘priam
1118 2772 1439 2865 plebem3
1478 2787 1863 2863 omnesque
1902 2774 1992 2845 ad
2032 2792 2191 2845 aras
2222 2772 2578 2867 provoluti
2618 2792 2704 2847 ac
2733 2774 2983 2849 cernui

833 2892 1262 2965 ·clamemus:
1293 2884 1817 2977 veni³D0mine,
1845 2892 2034 2977 veni,
2068 2890 2215 2965 noli
2245 2890 2559 2980 tardare,
2592 2910 2818 2991 parce
2846 2916 2985 2993 po-

831 3010 1008 3114 ‘pulo
1063 3022 1184 3086 tuo
1212 3063 1239 3102 ‚
1294 3006 1547 3083 νείατα
1596 3008 1924 3108 facinora
1975 3008 2173 3111 plebi
2228 3025 2419 3101 tuae,
2491 3010 2649 3086 vide
2702 3012 2984 3089 desola-

827 3132 1107 3240 *tionem
1164 3146 1480 3206 nostram
1503 3154 1538 3216 ‚·
1579 3152 1719 3205 non
1756 3132 1831 3203 in
1868 3130 2483 3232 iustificationibus
2528 3137 2791 3209 nostris
2816 3160 2986 3236 pro-

832 3254 1222 3330 sternimus
1270 3240 1522 3352 preces
1575 3261 1741 3327 ante
1790 3253 2055 3351 faciem
2110 3271 2333 3343 tuam,
2378 3252 2505 3329 sed
2552 3258 2629 3330 in
2682 3256 2983 3332 misera-

835 3372 1158 3451 {ionibus
1193 3375 1333 3448 tuis
1368 3372 1671 3447 multis.-
1710 3374 1947 3448 excita
1976 3378 2369 3473 potentiam
2406 3390 2605 3451 mam
2656 3392 2731 3454 et
2780 3382 2977 3465 veni,

841 3493 1126 3572 ostende
1177 3494 1436 3595 faciem
1489 3508 1690 3570 tuom
1744 3492 1812 3567 et
1862 3492 2045 3568 salvi
2100 3498 2388 3571 erimus.

830 3628 849 3637 ’
1051 3612 1248 3691 Licet
1304 3630 1542 3691 autem
1583 3618 2027 3708 indignitatis
2064 3633 2345 3692 nostrae
2396 3618 2661 3693 conscii
2716 3586 2971 3709 simus,

823 3745 974 3819 '‘non
1013 3754 1383 3815 vereamur
1421 3734 1753 3813 accedere
1808 3736 2109 3812 fidenter
2146 3741 2232 3811 ad
2274 3740 2600 3815 thronum
2656 3742 2973 3835 gratiae.

821 3868 1024 3943 *hanc
1091 3875 1522 3958 quaeramus·
1561 3879 1683 3955 per
1738 3862 2076 3933 caelestes
2154 3870 2397 3935 omnes
2427 3910 2448 3949 ‚
2504 3862 2689 3936 hane
2744 3866 2979 3937 nomi-

819 3990 1074 4064 'natim
1135 4002 1266 4078 per
1321 3991 1598 4056 sanctos
1652 3979 2056 4077 Apostolos,
2110 3982 2295 4057 hanc
2351 4004 2475 4079 per
2528 3984 2976 4078 purissimum

845 4098 1194 4203 Deiparae
1249 4098 1621 4222 Sponsum,
1677 4103 1860 4177 hanc
1898 4119 2025 4197 per
2060 4100 2585 4179 immaculatam
2639 4128 2973 4199 praeser-

821 4218 975 4324 ‘tim
1013 4222 1420 4321 Virginem
1411 4216 1883 4319 ''quaeramu5‚
1921 4227 2122 4299 cuius
2169 4246 2413 4320 preces
2468 4230 2653 4321 apud
2706 4219 2971 4301 Filium

823 4316 1114 4445 imperii
1182 4342 1542 4424 cuiuskl‘am
1583 4347 1929 4424 rationem
1966 4348 2247 4423 habent.
2305 4344 2445 4423 Sed
2499 4361 2707 4423 antea
2758 4366 2971 4421 mun-
