3292 5275
323 593 670 690 Capitulis
713 597 1018 671 libenter
1055 598 1392 692 exceptae
1431 611 1644 674 sunt:
1684 619 1825 692 quo
1859 601 2119 677 factum
2172 611 2309 689 est,
2342 611 2425 678 ut

310 717 382 788 in
427 717 558 790 hac
593 738 670 790 re
709 727 850 790 tam
903 719 1136 810 magni
1173 720 1506 790 momenti
1543 719 1944 812 disciplinae
1985 720 2425 796 uniformitas

311 837 668 921 deficeret,
695 850 772 910 et
801 831 1286 912 Tridentium
1316 839 1675 912 decretum
1700 849 2018 933 optatum
2044 839 2257 930 finem
2287 841 2429 934 ple·-

312 975 403 1030 ne
457 977 596 1028 non
631 955 1024 1050 attingeret.
1057 953 1400 1048 Quamvis
1439 971 1673 1032 autem
1712 955 1969 1032 Sacrae
1996 953 2201 1032 Urbis
2230 957 2430 1034 Con-

313 1077 752 1168 gregationes
804 1079 930 1156 has
982 1080 1406 1162 sententias,
1447 1081 1592 1152 suis
1629 1080 1981 1174 responsis
2039 1077 2107 1150 in
2160 1081 2432 1154 casibus

315 1196 868 1284 occurrentibuS,
900 1200 1168 1291 pluries
1204 1199 1771 1292 reprobaverint,
1811 1200 1907 1270 ita
1944 1211 2025 1272 ut
2060 1220 2148 1272 ex
2184 1219 2431 1276 earum

316 1320 668 1411 responsis
719 1321 1082 1392 manifeste
1141 1331 1506 1414 appareat,
1563 1341 1744 1412 quae
1803 1320 2017 1392 fuerit
2070 1341 2269 1394 mens
2298 1319 2435 1396 Pa·

314 1448 504 1512 trum
537 1433 1113 1513 Tridentinorum
1171 1441 1244 1510 in
1301 1440 1568 1512 edendo
1624 1440 1906 1512 decreto
1962 1442 2281 1532 superius
2318 1463 2435 1516 m·

313 1557 516 1646 lato3
568 1569 874 1630 attamen
930 1579 1090 1630 cum
1149 1561 1452 1632 nondum
1509 1561 1747 1631 omnia
1822 1559 2081 1652 ubique
2136 1561 2221 1632 ad
2276 1581 2433 1634 eam

313 1689 616 1748 mentem
669 1679 854 1770 exigi
911 1677 1336 1764 videamus,
1393 1681 1478 1751 ad
1533 1679 2081 1753 submovendam
2150 1701 2433 1772 prorsus

315 1797 692 1890 quamlibet
743 1797 1202 1872 dubitationis
1267 1820 1556 1872 causam
1612 1801 1725 1870 vel
1766 1799 2153 1886 obtentum,
2190 1799 2435 1874 iisdem

316 1919 670 2008 responsis
725 1929 801 1990 et
855 1919 1452 1992 declarationibus
1505 1915 1952 2010 Apostolicae
2008 1921 2436 1994 auctoritatis

315 2037 534 2108 robur
585 2039 1060 2113 adiiciendum
1098 2059 1494 2112 censemus.
1526 2034 1868 2126 Quocirca
1894 2034 2089 2114 Motu
2131 2041 2434 2132 proprio,

315 2177 394 2228 ac
430 2167 630 2230 certa
664 2159 964 2232 scientia
1003 2169 1076 2229 et
1123 2169 1404 2230 matura
1443 2157 1950 2230 deliberatione
1986 2153 2285 2246 Nostris,
2322 2161 2443 2232 de-

315 2297 456 2370 que
493 2274 942 2370 Apostolicae
977 2273 1356 2354 Potestatis
1393 2279 1830 2370 plenitudine
1872 2279 2305 2354 deciaramus
2364 2291 2441 2352 et

311 2397 799 2470 decernimus:
855 2407 1078 2470 totam
1133 2400 1560 2470 ordinariam
1611 2395 1943 2490 Episcopi
2018 2399 2441 2474 iurisdictio-

313 2537 501 2602 nem,
557 2539 734 2610 quae
788 2540 1007 2592 vacua
1065 2516 1246 2592 Sede
1289 2515 1693 2612 Episcopali
1750 2519 1841 2590 ad
1876 2516 2273 2612 Capitulum
2310 2542 2443 2596 ve·-

315 2650 548 2722 nerat,
601 2640 698 2711 ad
753 2633 1116 2714 vicarium
1171 2642 1260 2723 ab
1315 2639 1461 2736 ipso
1519 2642 1651 2713 rite
1710 2641 2165 2713 constitutum
2218 2642 2442 2713 omni·-

319 2778 412 2831 uo
469 2762 822 2847 transire3
877 2782 1008 2833 nec
1065 2762 1274 2835 ullam
1329 2762 1544 2833 huius
1600 2758 2097 2834 iurisdictionis
2174 2771 2441 2853 partem

310 2900 526 2973 posse
563 2874 962 2973 Capitulum
1019 2882 1152 2953 sibi
1176 2887 1184 2897 “
1209 2902 1606 2959 reservare,
1650 2902 1877 2975 neque
1916 2901 2123 2974 posse
2164 2881 2251 2951 ad
2289 2902 2444 2957 cer-

321 3012 476 3075 tum
524 3010 598 3070 et
652 3000 1016 3073 definitum
1073 3014 1352 3095 tempus
1381 2994 1745 3073 Vicat-ium
1802 3002 2223 3073 constituere
2260 3002 2446 3075 mul·-

321 3132 534 3215 toque
587 3122 823 3193 mistus
858 3144 1248 3211 removere,
1275 3123 1399 3195 sed
1437 3142 1600 3193 eum
1642 3122 1710 3191 in
1752 3122 1982 3193 officio
2031 3141 2441 3213 permanere

317 3264 688 3337 quousque
751 3264 982 3325 novus
1037 3240 1434 3335 Episcopus
1487 3237 1811 3329 Litteras·
1854 3236 2290 3332 Apostolicas
2357 3238 2442 3313 de

319 3365 580 3437 euitat·
619 3362 748 3437 siha·
783 3359 1222 3459 Episcopatu
1261 3360 1617 3455 Capitulo,
1660 3362 1859 3433 iuxta
1895 3355 2241 3431 Bonifacii
2278 3354 2443 3431 Vlll

319 3478 894 3557 Pmedecessoris
951 3478 1191 3555 Nostri
1247 3478 1862 3565 Constitutiouem,
1900 3472 2006 3577 (1)
2064 3478 2180 3551 vel
2230 3472 2447 3573 Capi-

313 3606 476 3679 tulo
511 3603 908 3689 deficiente,
943 3606 1008 3675 ei
1053 3602 1475 3685 exhibuerit,
1509 3602 1661 3695 qui,
1693 3600 1777 3671 ad
1809 3618 2121 3671 normam
2150 3594 2277 3671 SS.
2305 3595 2445 3671 Ca-

311 3746 616 3809 tonum,
674 3725 790 3797 vel
845 3746 934 3795 ex
989 3725 1276 3817 speciali
1315 3720 1386 3793 S.
1420 3717 1621 3793 Sedis
1662 3721 2143 3812 dispositione.
2183 3740 2445 3793 vacan-

323 3860 464 3919 tem
491 3842 886 3919 Dioeeesim
935 3846 1411 3931 administrat,
1446 3845 1562 3915 vel
1619 3841 1941 3915 eiusdem
1977 3837 2447 3915 Administra-

320 3980 574 4049 torem,
633 3986 759 4039 seu
819 3960 1174 4038 vicarium
1237 3966 1554 4057 deputat.

535 4082 1006 4175 Quamobrem
1059 4108 1186 4179 pro
1243 4084 1450 4160 nullis
1503 4084 1865 4157 habendae
1930 4091 2098 4157 sunt
2170 4083 2443 4155 limita-

447 4344 530 4429 (1)
571 4344 923 4430 Extravag.
971 4346 1302 4413 lniurwm
1344 4346 1422 4411 de
1465 4342 1802 4413 Electione
1842 4347 2011 4413 inter
2050 4362 2281 4413 comm.

1922 4450 2020 4534 16
