3292 5275
2235 507 2390 586 319

274 650 503 720 omnia
541 695 562 732 ,
620 659 689 717 et
758 649 1029 738 singula
1098 644 1521 740 Apostolicis
1594 641 1878 718 Litteris
1943 643 2214 719 Nostris
2279 650 2393 720 die

272 762 585 839 xxvnl.
627 763 1033 840 Decemhris
1076 764 1275 838 Anno
1310 761 1877 839 MDCCCthx.
1921 769 2189 841 sancita
2226 791 2396 842 con-

272 887 629 960 firmantes
683 909 937 960 munus
1020 900 1093 960 et
1156 885 1457 959 officium
1514 883 1910 958 Cardinalis
1967 883 2392 962 Protectoris

273 1010 343 1079 in
400 1009 775 1102 supradicti
834 1005 1014 1081 Sixti
1069 1002 1154 1079 V.
1231 1004 1515 1080 Litteris
1580 1009 2046 1081 constitutum
2111 1029 2394 1101 prorsus

272 1131 671 1215 abolemus„
725 1143 796 1202 et
846 1131 1389 1222 supprimimuS,
1448 1139 1523 1199 et
1574 1121 1978 1220 Gappellam
2036 1129 2126 1199 ad
2181 1125 2400 1202 Prae·-

274 1271 442 1343 sepe
498 1245 779 1322 Domini
834 1253 907 1322 in
966 1246 1421 1322 Patriarchali
1483 1246 1557 1320 S.
1618 1241 1880 1320 Mariae
1933 1245 2212 1323 Maioris
2265 1247 2398 1322 Ba·-

276 1371 475 1443 silica
534 1371 622 1442 ad
676 1365 1047 1464 Exquilias
1103 1365 1356 1454 Nobis,
1410 1381 1483 1440 et
1536 1364 2070 1443 Successorlbus
2125 1367 2396 1446 Nostris

276 1487 613 1564 Romanis
664 1488 1115 1563 Pontificibus
1172 1486 1569 1562 immediate
1636 1487 2016 1562 subiectam
2073 1493 2396 1567 volumus

274 1625 486 1706 atque
541 1610 899 1694 edicimuS,
940 1624 1009 1682 et
1046 1633 1229 1704 quae
1284 1611 1544 1682 liberae
1604 1609 2044 1702 dispositioni
2103 1607 2398 1687 Nostrae

280 1732 816 1812 reservavimus,
852 1733 1068 1818 hona,
1106 1734 1305 1818 iura,
1346 1741 1418 1802 et
1472 1729 1786 1803 actiones
1835 1731 1921 1802 ad
1969 1733 2400 1824 praedictum

281 1848 677 1925 Sacrarium
713 1863 787 1925 et
824 1848 1234 1943 Conlegium
1292 1849 1551 1944 quovis
1614 1851 1886 1923 nomine
1942 1851 2398 1944 pertinenteS,

283 1968 599 2046 Sacrario
652 1974 881 2044 eidem
937 1985 1359 2066 perpetuum
1434 1971 1506 2040 in
1562 1969 1849 2044 modum
1902 1975 2343 2064 assignamus
2377 2021 2400 2057 ,

285 2095 755 2167 attribuimus.
844 2089 1147 2166 Proinde
1212 2093 1658 2165 decernimus
1691 2137 1714 2176 ,
1793 2103 1876 2165 ut
1938 2091 2234 2169 dilectus
2290 2091 2406 2165 Fi·-

283 2214 420 2287 lius
474 2207 1151 2288 Noster‘Cardinalis
1208 2232 1397 2286 nunc
1451 2223 1523 2282 et
1576 2233 1702 2304 pro
1760 2222 2068 2303 tempore
2123 2210 2407 2287 Praefe-

285 2345 441 2406 ctus
526 2334 801 2406 aedium
855 2329 1363 2406 Pontificalium
1395 2382 1420 2419 ‚
1495 2333 1609 2404 vel
1693 2328 1998 2405 Antistes
2081 2327 2406 2409 Urbanus

290 2447 573 2538 Noster,
617 2476 695 2526 ac
733 2451 1237 2534 Successorum
1276 2447 1695 2525 Nostrorum
1735 2448 2177 2541 Diaetarcha,
2233 2477 2408 2550 qua·-

288 2587 493 2650 tenus
532 2578 599 2649 ei
638 2577 1041 2669 procuratio
1072 2571 1321 2647 Palatii
1364 2570 1744 2669 Apostoliei
1799 2575 1956 2649 loco
2007 2573 2406 2654 Cardinalis

288 2693 635 2769 Praefecti
676 2699 1179 2779 committatur,
1222 2698 1380 2769 viee
1420 2716 1615 2772 sacra
1669 2694 1896 2768 eidem
1952 2701 2240 2791 praesit,
2281 2702 2440 2793 bo-¹

290 2838 675 2911 norumque
732 2821 1049 2891 omnium
1106 2817 1493 2902 redituum,
1550 2830 2049 2909 proventuum,
2107 2819 2402 2908 iudum,

290 2951 363 3009 et
414 2938 770 3009 actionum
828 2938 1057 3011 eidem
1112 2934 1435 3009 Sacrario
1491 2958 1531 3007 a
1586 2932 1801 3010 Nobis
1866 2939 2060 3012 hisce
2117 2932 2406 3015 Litteris

292 3068 625 3151 perpetuo
664 3060 1178 3152 adscriptorum
1223 3080 1494 3143 curam,
1533 3070 1608 3130 et
1645 3059 2202 3150 procurationem
2238 3058 2408 3136 Car-

294 3178 508 3251 dinali
565 3200 691 3271 pro
749 3192 1062 3272 tempore
1109 3175 1359 3251 Palatii
1396 3176 1784 3272 Apostolici
1837 3174 2232 3267 Praefecto,
2293 3184 2406 3256 vel

292 3298 446 3374 eius
501 3301 657 3372 loco
694 3296 1007 3371 Antistiti
1044 3296 1329 3373 Urbano
1368 3296 1829 3373 Diaetarchae
1883 3304 2169 3375 omnino
2223 3324 2410 3375 com-

294 3420 669 3502 mittimuS,
712 3442 793 3492 ac
848 3422 1377 3507 demandamuS,
1414 3442 1498 3493 ea
1536 3432 1772 3493 tamen
1826 3424 2008 3514 lege,
2070 3434 2150 3496 ut
2200 3426 2408 3517 quid-

294 3540 457 3633 quid
514 3540 603 3613 ab
642 3543 969 3635 expensis
1006 3540 1073 3613 in
1110 3541 1429 3613 eiusdem
1466 3538 1767 3613 Sacrarii
1823 3545 2405 3635 procurationem,

296 3664 597 3747 cultum,
655 3665 1159 3757 reparationeS,
1219 3685 1298 3736 ac
1354 3684 1643 3736 onerum
1699 3666 2106 3757 praesertim
2161 3660 2414 3737 Missa-

296 3802 453 3856 rum
510 3784 1125 3875 adimplementum
1182 3781 1273 3856 sit
1327 3786 1675 3877 reliquum
1731 3784 1909 3869 rite,
1965 3806 2048 3857 ac
2104 3784 2408 3878 legitime

294 3906 656 3979 fructuosa
714 3906 981 3977 ratione
1036 3905 1440 3989 collocetur,
1498 3918 1573 3976 ut
1625 3901 1924 3980 Sacrarii
1977 3927 2234 3979 census
2287 3926 2414 3980 au-

296 4038 571 4115 geatur,
609 4036 681 4096 et
716 4026 1036 4097 cumulus
1072 4026 1656 4099 extraordinariis
1709 4046 1984 4121 quoque
2037 4026 2412 4120 impendiis

299 4165 428 4237 par
480 4143 623 4216 fiat.
680 4140 1011 4218 Nostrum
1046 4166 1289 4239 porro,
1326 4158 1397 4217 et
1450 4142 1950 4220 Successorum
2002 4143 2408 4223 Nostrorum

299 4286 453 4337 esse
510 4266 839 4339 volumus
892 4266 1221 4341 idoneum
1258 4268 1491 4342 virum
1527 4269 2079 4341 ecclesiasticum
2135 4270 2222 4341 ad
2261 4266 2412 4344 No·-

299 4398 553 4475 strum,
608 4399 677 4463 et
732 4386 1127 4465 eorumdem
1164 4383 1658 4469 successorum
1695 4384 2104 4468 Nostrorum
2159 4400 2410 4472 autum
