3292 5275
852 456 1004 537 170

844 601 1039 695 quid·
1070 622 1271 675 secus
1324 622 1553 695 super·
1592 600 1700 673 his
1737 622 1778 671 a
1817 620 2165 693 quoquam
2225 600 2482 694 quavis
2537 602 2957 701 auctoritate

844 721 1151 796 scienter
1206 724 1319 797 vel
1374 723 1777 813 ignoranter
1833 718 2196 813 contigerit
2249 721 2577 793 attentari
2606 770 2628 806 ,
2687 720 2958 819 irritum

845 856 913 916 et
970 846 1181 917 inane
1236 840 1694 918 decernimus.

1056 958 1397 1051 Quocirca
1455 958 1846 1034 Venerabili
1923 956 2148 1031 Fratri
2215 958 2604 1055 Seraphino
2659 957 2962 1063 Vannuj-

849 1084 992 1159 telli
1046 1066 1589 1175 Arebiepiscopo
1651 1078 2014 1155 Niceaensi
2058 1083 2130 1151 in
2194 1079 2504 1174 partibus
2560 1078 2958 1155 infidelium

846 1205 1026 1301 apud
1084 1199 1676 1298 Aequatorianam
1727 1197 2252 1293 Rempublicam
2317 1197 2572 1274 Nostro
2627 1197 2963 1293 Delegato

846 1320 1257 1417 Apostolico
1298 1344 1423 1415 per
1463 1322 1645 1414 ipsas
1684 1332 2088 1414 praesentes
2117 1320 2614 1395 committimus
2653 1336 2728 1394 et
2764 1344 2968 1395 man-

848 1446 1095 1519 damus
1124 1490 1146 1527 ,
1228 1456 1579 1538 quatenus
1636 1443 1724 1515 ad
1779 1444 2329 1537 exequutionem
2418 1445 2964 1536 praemissorum

848 1564 1159 1639 omnium
1208 1576 1280 1636 et
1333 1563 1768 1655 singulorum
1825 1561 2180 1655 procedat,
2239 1560 2664 1635 necessarias
2717 1572 2791 1633 et
2829 1585 2967 1655 op-

849 1700 1183 1779 portunas
1212 1688 1278 1757 ei
1310 1682 1771 1778 impertiendo
1827 1682 2238 1772 facultates3
2289 1683 2543 1777 quibus
2600 1682 2662 1755 ls
2711 1686 2799 1756 ad
2838 1686 2966 1759 hoc

848 1807 1265 1899 explendum
1293 1826 1471 1897 opus
1508 1805 1715 1875 aliam
1752 1802 2106 1889 idoneam,
2135 1806 2562 1899 probamque
2599 1827 2970 1899 personam

849 1928 923 2000 in
977 1924 1439 2001 ecclesiastica
1498 1938 1734 1997 tamen
1788 1924 2126 2017 dignitate
2189 1928 2646 1999 constitutam
2701 1928 2974 2001 subde-

848 2052 1082 2143 legare
1138 2048 1371 2121 valeat
1399 2069 1428 2133 3
1480 2046 1573 2119 ita
1632 2056 1860 2119 tamen
1901 2058 1980 2119 ut
2019 2046 2166 2141 ipse
2203 2044 2641 2141 Seraphinus
2678 2045 2974 2123 Arcbie-

850 2168 1180 2261 piscopus
1216 2168 1337 2241 vel
1370 2167 1521 2239 eius
1574 2167 2060 2261 subdelegatus
2118 2168 2360 2240 valeat
2416 2188 2500 2239 ea
2558 2168 2792 2241 omnia
2847 2192 2974 2241 or-

850 2288 1125 2371 dinare,
1178 2298 1514 2372 statuere,
1554 2286 1912 2359 declarare
1951 2309 2037 2360 ac
2082 2288 2300 2359 etiam
2353 2288 2750 2375 definitive,
2783 2293 2972 2365 omni

850 2408 1305 2502 appellatione
1360 2424 1658 2495 remota,
1715 2409 2130 2496 decernere,
2183 2430 2359 2503 quae
2409 2408 2498 2479 ad
2565 2410 2970 2487 huiusmodi

852 2530 1205 2623 negotium
1242 2532 1457 2623 probe
1488 2529 1926 2623 feliciterque
1971 2528 2470 2623 perficiendum
2507 2532 2976 2623 oportuerint.

1060 2647 1216 2724 Non
1272 2653 1708 2728 obstantibus
1763 2646 2024 2724 Nostra
2064 2663 2138 2723 et
2177 2646 2654 2725 Cancellariae
2681 2648 2980 2744 Aposto-

847 2773 1029 2846 licae
1082 2773 1315 2866 regula
1380 2797 1415 2844 α
1474 2768 1579 2846 De
1636 2773 1792 2846 iure
1846 2770 2169 2865 quaesito
2223 2793 2368 2844 non
2428 2775 2733 2846 tollendo
2790 2797 2823 2842 n
2889 2798 2976 2848 ac

850 2890 1347 2968 Lateranensis
1410 2890 1714 2966 Concilii
1771 2894 2154 2978 novissime
2211 2891 2540 2966 celebrati
2574 2943 2599 2980 ,
2655 2895 2980 2972 dismem÷

850 3001 1201 3088 brationes
1258 3026 1657 3108 perpetuas,
1697 3015 1835 3086 nisi
1887 3015 1962 3102 in
2015 3012 2308 3088 casibus
2344 3034 2386 3086 a
2422 3013 2570 3087 iure
2627 3015 2982 3107 permissis

852 3134 1003 3208 fieri
1060 3137 1523 3228 prohibentiS,
1582 3136 1869 3230 aliisque
1924 3136 2140 3208 etiam
2181 3136 2254 3206 in
2299 3135 2776 3230 synodalibus,
2819 3161 2985 3230 pro-

855 3254 1299 3340 vincialibus,
1326 3255 1768 3348 generalibus
1792 3255 2452 3349 universalibusque
2471 3251 2812 3332 Conciliis
2839 3261 2990 3340 edi-

857 3376 949 3450 tis
982 3379 1101 3450 vel
1128 3378 1417 3452 edendis
1456 3378 1878 3472 specialibus
1913 3379 2028 3450 vel
2069 3377 2512 3469 generalibus
2551 3381 2990 3455 constitutio.

774 3487 783 3500 ”
855 3499 1063 3575 nibus
1087 3510 1160 3574 et
1190 3497 1750 3574 ordinationibus
1790 3494 2256 3591 Apostolicis,
2289 3498 2780 3595 dictat-umque
2808 3494 2989 3589 Qui-

856 3621 1077 3692 tensis
1104 3629 1177 3692 et
1200 3615 1792 3712 ,Guayaquilensis
1819 3618 2278 3692 ecclesiarum
2308 3619 2524 3692 etiam
2551 3621 2981 3708 iuramento,

856 3738 1385 3815 confirmatione
1438 3734 1868 3833 Apostolica,
1897 3740 2012 3812 vel
2049 3741 2308 3833 quavis
2345 3737 2672 3815 firmitate
2711 3743 2848 3819 alia
2881 3764 2990 3827 ro,-

857 3861 1153 3946 boratis,
1194 3860 1475 3932 statutis
1521 3872 1596 3932 et
1649 3858 2302 3960 consuetudinibus,
2359 3858 2748 3956 privilegiis
2800 3883 2990 3954 quo-

860 4005 1028 4075 que,
1057 3982 1351 4058 indultis
1386 3994 1459 4054 et
1488 3976 1771 4054 Litteris
1803 3975 2230 4073 Apostolicis
2263 3983 2638 4074 quibusvis
2665 3985 2995 4074 superio-

862 4101 1053 4177 ribus
1080 4113 1153 4174 et
1177 4101 1495 4195 personis
1524 4102 1599 4183 in
1626 4121 1878 4194 genere
1909 4103 2024 4174 vel
2053 4100 2126 4172 in
2160 4103 2425 4193 specie,
2457 4113 2582 4175 aut
2601 4099 2830 4176 'etiam
2855 4105 2990 4186 sub

864 4222 1423 4316 quibuscumque
1480 4223 1844 4296 tenoribus
1881 4232 1956 4296 et
1993 4221 2238 4294 formis
2275 4243 2360 4296 ae
2395 4243 2558 4294 cum
2610 4222 2991 4317 quibusvis

865 4343 1200 4418 clausulis
1253 4354 1328 4418 et
1380 4344 1682 4417 decretis
1737 4341 1956 4416 etiam·
1997 4353 2190 4416 motu
2225 4389 2248 4428 ,
2303 4343 2600 4420 scientia
2653 4354 2726 4415 et
2779 4357 2994 4437 pote·-
