3292 5275
830 472 987 555 364

834 638 867 683 »
916 635 1033 699 no,
1090 616 1390 686 scienter
1473 615 1806 703 templum
1891 609 2020 685 Dei
2107 615 2408 697 violare,
2467 625 2538 687 et
2607 611 2966 707 Spiritum

796 742 869 807 'r
916 732 1247 811 Sanctum
1306 738 1727 808 contristare
1785 753 1926 807 non
1985 736 2546 811 formidaverint.
2593 758 2628 801 ιι

1040 852 1213 930 Eam
1242 857 1331 928 ob
1370 876 1652 929 causam
1718 857 2122 947 exemplum
2183 858 2466 949 sequuti
2529 852 2970 927 Praedeces-

828 998 1062 1051 sorum
1112 973 1551 1062 Nostrorum,
1594 976 1882 1049 solemni
1929 978 2192 1049 indicto
2249 974 2588 1062 lubilaeo,
2631 977 2966 1051 divinum

824 1098 1157 1171 auxilium
1214 1097 1297 1169 ad
1356 1118 1769 1191 prosperum
1828 1098 2000 1170 tanti
2057 1100 2290 1189 operis
2345 1100 2605 1170 exitum
2665 1100 2958 1190 publice

825 1219 1185 1311 implorari
1243 1217 1596 1304 iussimuS,
1636 1218 1784 1291 sine
1825 1240 1966 1314 quo
2025 1218 2192 1289 nihil
2249 1220 2590 1293 eiusmodi
2647 1220 2962 1294 humana

826 1352 1053 1433 potest
1110 1333 1582 1424 imbecillitas,
1642 1352 1711 1411 et
1787 1339 2009 1431 frangi
2098 1343 2354 1433 populo
2443 1362 2692 1434 panem
2747 1342 2960 1413 verbi

828 1452 1105 1529 Domini
1165 1470 1313 1529 tum
1368 1458 1441 1529 in
1500 1460 1807 1550 templis„
1865 1469 2022 1532 tum
2075 1460 2152 1530 in
2207 1459 2489 1550 plateis,
2547 1482 2686 1553 quo
2745 1460 2966 1533 mini-

824 1590 1134 1651 strorum
1188 1600 1321 1669 ope
1376 1580 1625 1651 salutis
1683 1578 2078 1653 animarum
2131 1581 2286 1651 zelo
2355 1579 2836 1674 flagrantium,
2891 1592 2962 1651 et

826 1700 1240 1774 catholicam
1294 1698 1381 1773 de
1466 1695 1948 1791 indulgentiis,
2007 1722 2090 1773 ac
2157 1696 2473 1774 lubilaeo
2561 1701 2964 1775 doctrinam

753 1838 759 1845 ·
824 1822 1198 1893 doceretur
1252 1821 1652 1911 diligenter,
1691 1833 1764 1893 et
1819 1820 1907 1896 de
1945 1824 2136 1897 omni
2193 1818 2586 1896 Christiani
2645 1822 2966 1895 instituti

826 1942 1318 2014 admoneretur
1398 1942 1660 2021 officio,
1721 1954 1794 2015 et
1869 1944 1956 2016 ad
2024 1944 2371 2017 sinceram
2449 1944 2968 2038 poenitentiam

826 2064 1239 2153 gravissima
1295 2062 1611 2137 oratione
1671 2064 2121 2138 excitaretur.

1039 2180 1191 2256 Sibi
1266 2182 1483 2275 igitur
1570 2186 2054 2279 unusquisque
2111 2198 2452 2274 vestrum,
2508 2179 2968 2259 venerabiles

824 2298 1141 2391 FratreS,
1180 2304 1313 2379 hoc
1368 2306 1807 2401 potissimum
1845 2306 1917 2377 in
1974 2317 2292 2399 tempore
2333 2308 2508 2381 illud
2561 2302 2970 2397 Prophetae

826 2424 1089 2501 dictum
1148 2436 1395 2518 putet:
1448 2451 1480 2495 «
1518 2428 1775 2513 clama,
1819 2448 1910 2500 ne
1963 2448 2238 2503 cesses:
2283 2429 2484 2522 quasi
2524 2430 2698 2501 tuba
2735 2428 2970 2502 exalta

825 2566 1073 2621 vocem
1112 2557 1327 2633 tuam,
1367 2557 1440 2621 et
1478 2547 1821 2623 annuntia
1857 2551 2121 2642 populo
2159 2570 2316 2628 meo
2375 2551 2642 2623 scelera
2679 2570 2967 2635 eorum,

824 2680 898 2741 et
954 2669 1184 2741 domui
1244 2664 1449 2752 iacob
1535 2682 1828 2760 peccata
1901 2691 2150 2746 eorum
2193 2695 2228 2742 n
2293 2683 2366 2744 et
2421 2671 2552 2764 ipsi
2609 2693 2734 2764 per
2792 2665 2970 2763 Voe,

824 2791 1057 2894 quoad
1140 2791 1483 2884 poteritis,
1542 2802 1614 2862 et
1669 2791 1938 2871 monitu
2023 2803 2262 2866 vestro
2345 2793 2529 2864 sacri
2611 2804 2968 2878 oratores,

822 2936 1001 3014 quos
1056 2911 1405 3004 elegeritis
1461 2913 1700 2987 verbis
1757 2935 1842 2987 ac
1895 2915 2042 2987 vita
2099 2916 2188 2988 ad
2241 2913 2628 2990 movendos
2684 2915 2966 2986 animos

822 3039 1119 3118 maxime
1196 3033 1517 3119 idoneos,
1573 3035 1931 3108 inculcent
2007 3037 2294 3112 auribus
2375 3035 2714 3120 omnium,
2767 3035 2968 3127 quod

826 3158 1151 3238 omnibus
1204 3155 1670 3230 comminatus
1713 3167 1834 3234 ,est
1883 3149 2264 3232 Christus:
2304 3181 2337 3226 α
2383 3158 2523 3228 nisi
2581 3157 2970 3246 poeniten-

824 3281 993 3360 tiam
1029 3278 1450 3363 habueritiS,
1492 3299 1734 3352 omnes
1771 3276 2098 3360 similiter
2143 3278 2488 3372 peribitis,
2527 3301 2560 3346 ιο
2607 3273 2970 3358 Doceant,

822 3401 1150 3497 idipsum,
1208 3422 1335 3473 nos
1376 3411 1501 3474 .ut
1582 3400 1971 3492 poeniteat,
2041 3413 2280 3492 petere
2363 3399 2662 3492 supplici
2749 3417 2968 3490 prece

826 3534 1177 3616 oportere,
1228 3519 1425 3612 quod
1502 3519 1925 3616 implorabat
2005 3521 2244 3593 verbis
2327 3521 2470 3593 illis
2549 3515 2968 3610 Propheta:

834 3669 871 3716 α
912 3655 1252 3718 converte
1308 3663 1437 3716 nos
1514 3637 1812 3714 Domine
1869 3640 1956 3713 ad
2015 3637 2142 3726 Te,
2199 3651 2270 3715 et
2323 3653 2870 3714 convertemur:
2915 3660 2956 3705 ι

824 3763 1229 3851 ostendant,
1284 3775 1549 3860 quanta
1606 3761 1678 3837 in
1735 3758 1960 3835 Deum
2044 3761 2306 3834 iniuria
2361 3763 2490 3835 sit·
2539 3775 2962 3854 peccatum:

823 3885 1171 3963 incutiant
1228 3885 1609 3958 salutarem
1669 3885 1926 3960 animis
1989 3897 2352 3968 terrorem,
2387 3880 2756 3956 severitate
2797 3902 2972 3974 pro-

824 4009 1049 4100 posita
1075 4005 1307 4084 ‚divini
1344 4005 1614 4100 iudicii,
1661 4022 1746 4080 ac
1785 4004 2290 4100 suppliciorum
2348 4005 2734 4080 acerbitate
2771 4025 2966 4097 quae

826 4139 1067 4222 parata
1150 4139 1317 4202 sunt
1398 4127 1868 4227 morientibus
1927 4129 1997 4200 in
2056 4138 2368 4227 peccato·
2410 4147 2582 4213 suo;
2635 4127 2968 4198 excitent

826 4272 1000 4327 vero
1054 4249 1373 4342 spem-in
1431 4249 1756 4325 omnibus
1795 4250 1882 4328 ab
1923 4249 2193 4335 infinita
2249 4243 2378 4325 Dei
2433 4249 2753 4324 bonitate
2815 4249 2968 4318 im·-

822 4371 1203 4468 petrandae
1258 4369 1806 4473 misericordiae,
1831 4370 1994 4466 ,qui
2049 4387 2124 4444 se
2147 4398 2154 4408 ·
2177 4381 2553 4464 expectare
2619 4367 2952 4452 affirmat,
