3292 5275
876 496 977 578 48

989 659 1361 712 vienensem
1415 658 1649 711 rium
1706 660 1975 711 nannico
2030 658 2323 710 savineo
2379 659 2859 714 Ancmstuscovo

1569 772 2277 847 wesmomswmeusi.

1507 1541 1512 1549 .
1569 1464 1821 1562 PIVS
1890 1464 2054 1559 ΡΡ.
2128 1466 2281 1561 ΙΧ.

875 2120 1392 2284 Venerabilis
1431 2205 1707 2295 Frater,
1764 2210 2063 2285 salutem
2118 2221 2191 2283 et
2227 2207 2707 2302 Apostolieam
2760 2206 2990 2283 Bene-

874 2329 1269 2404 dictionem.
1348 2326 1485 2403 Per
1545 2326 2023 2423 ephemerides
2090 2329 2487 2421 accepimus
2521 2378 2542 2413 ,
2608 2326 2990 2406 Ductorem

867 2444 1240 2543 Cumming
1303 2463 1579 2524 scotum
1631 2452 2059 2545 quaesivisse
2116 2474 2154 2523 a
2209 2462 2277 2522 te
2306 2498 2328 2537 ,
2396 2471 2565 2524 num
2618 2451 2693 2522 in
2748 2450 2991 2527 futuro

871 2569 1192 2647 Concilio
1245 2573 1751 2647 dissidentibus
1807 2575 2121 2648 facienda
2178 2572 2264 2644 sit
2322 2584 2626 2666 potestas
2680 2593 2764 2646 ea
2827 2592 2995 2665 pro-

873 2695 1145 2767 ferendi
1201 2707 1643 2786 argumenta,
1684 2717 1864 2790 quae
1901 2717 2071 2770 suae
2109 2696 2420 2789 opinioni
2478 2693 2846 2785 suffragari
2886 2714 2993 2765 ar-

871 2814 1285 2903 bitrantur3
1339 2826 1408 2888 te
1464 2825 1703 2888 autem
1756 2817 2222 2909 respondente
2254 2865 2279 2902 ,
2337 2811 2408 2886 id
2462 2837 2503 2888 a
2556 2803 2769 2887 Nobis
2823 2833 2990 2887 esse

874 2933 1438 3024 decernendum,
1493 2937 1727 3029 ipsum
1780 2937 1913 3009 hac
1968 2936 2055 3008 de
2112 2957 2187 3008 re
2243 2933 2331 3006 ad
2384 2931 2529 3009 Nos
2592 2935 3017 3034 scripsisse„

874 3048 1137 3130 Verum
1191 3056 1249 3128 si
1302 3057 1777 3149 postulantem
1835 3077 1975 3129 non
2032 3055 2197 3127 latet
2250 3053 2755 3129 catholicorum
2819 3055 2993 3130 fides

876 3176 964 3250 de
1017 3177 1418 3268 magisterio
1473 3199 1514 3248 a
1567 3173 1829 3251 Divino
1884 3155 2259 3250 Servatore
2314 3185 2557 3250 nostro
2622 3177 2993 3251 commisso

877 3291 1232 3368 Ecclesiae
1287 3318 1478 3385 suae,
1531 3309 1604 3370 et
1656 3299 1739 3369 de
1793 3299 2002 3371 huius
2056 3296 2559 3370 infallibilitate
2613 3308 2993 3390 propterea

875 3418 948 3489 in
1003 3417 1414 3491 definiendis
1467 3419 1991 3512 quaestionibus
2030 3419 2117 3490 de
2155 3418 2475 3510 dogmate
2520 3427 2593 3489 et
2646 3417 2993 3504 moribus3

874 3537 1202 3613 dubitare
1257 3537 1604 3636 nequibit,
1662 3541 1838 3632 quin
1893 3534 2205 3610 Ecclesia
2262 3541 2408 3632 ipsa
2466 3539 2609 3630 pati
2666 3557 2809 3610 non
2866 3535 2997 3608 de-

875 3659 1070 3746 beat,
1102 3662 1417 3735 revocari
1453 3681 1728 3736 rursum
1766 3661 1840 3734 in
1866 3661 2453 3754 disceptationem
2488 3680 2798 3749 errores,
2822 3681 2998 3755 quos

877 3781 1116 3855 sedulo
1169 3782 1524 3874 expendit,
1563 3782 1910 3858 iudicavit
1946 3791 2021 3854 et
2058 3781 2446 3855 damnavit.
2504 3777 2649 3854 Nee
2704 3781 2889 3853 aliud
2922 3784 2997 3854 ei

879 3903 1163 3977 suadere
1218 3915 1511 3996 possunt
1543 3903 1818 3977 litterae
1871 3900 2193 3978 Nostrae.
2234 3899 2427 3977 Dum
2462 3902 2654 3976 enim
2688 3904 2997 3976 diximus

889 4051 925 4098 α
982 4047 1187 4100 nemo
1241 4025 1552 4125 inficiari
1588 4047 1674 4100 ac
1711 4022 2035 4098 dubitare
2062 4035 2324 4123 potest,
2364 4023 2599 4123 ipsum
2634 4019 3023 4098 Christum·

885 4171 921 4219 »
989 4143 1263 4230 Iesum,
1316 4159 1394 4219 ut
1467 4148 1790 4223 humanis
1846 4146 2171 4222 omnibus
2245 4145 2804 4238 generationibus
2884 4165 3003 4215 re-

883 4291 920 4339 »
984 4267 1412 4361 demptionis
1467 4290 1638 4343 suae
1694 4270 1961 4342 fruetus
2017 4267 2439 4362 applicaret,
2493 4285 2699 4338 suam
2750 4261 2866 4338 hic
2918 4261 3002 4336 in

883 4413 922 4464 n
989 4387 1199 4466 terris
1230 4411 1454 4491 supra
1483 4385 1783 4467 Petrum
1808 4387 2095 4467 unicam
2129 4385 2539 4490 aedificasse
2568 4381 2994 4476 Ecclesiam,
