3292 5275
2292 481 2395 565 33

293 646 468 719 quos
515 634 814 716 spectat,
857 636 930 699 et
965 646 1100 719 pro
1127 636 1442 717 tempore
1494 624 2071 719 quandocumque
2124 636 2402 720 speetu*

289 746 416 830 bit,
473 746 550 817 in
605 746 930 821 omnihus
983 758 1056 819 et
1107 765 1234 840 per
1287 744 1520 819 omnin
1574 745 1969 838 plenissime
2006 742 2397 839 suffragari,

286 876 358 937 et
409 865 500 937 ah
553 864 656 938 eis
693 864 1082 959 respective
1137 864 1649 939 inviolabiliter
1702 864 2113 953 observari3
2160 861 2399 959 sieque

287 986 360 1055 in
400 984 796 1077 praemissis
848 1006 974 1078 per
1007 1006 1487 1079 quoscumque
1540 980 1817 1085 Indices
1854 980 2289 1069 Ordinatio&
2325 994 2402 1057 et

287 1098 683 1195 Delegatos,
722 1106 928 1177 etiam
965 1125 1336 1179 causarum
1380 1100 1630 1176 Palatii
1672 1100 2063 1197 Apostolici
2099 1097 2405 1177 Audito-

288 1244 402 1297 res
453 1224 781 1311 iudicari,
819 1237 893 1297 et
929 1224 1201 1299 definiri
1255 1224 1546 1309 debere,
1587 1246 1673 1298 ae
1710 1224 2018 1309 irritum,
2058 1234 2132 1297 et
2168 1223 2399 1309 inane,

285 1344 344 1417 si
375 1365 580 1419 secus
634 1366 845 1439 super
895 1347 1006 1420 his
1032 1368 1077 1419 a
1105 1366 1456 1441 quoquam
1493 1344 1745 1441 quavis
1782 1345 2205 1421 auctoritate
2242 1344 2403 1417 fun-

283 1476 492 1559 gente
557 1466 889 1553 scienter,
943 1469 1065 1541 vel
1117 1469 1521 1559 ignoranter
1597 1464 1967 1558 contigerit
2042 1466 2399 1539 attentari.

282 1578 444 1659 Non
498 1586 931 1661 obstantibus
983 1582 1266 1673 Nostra,
1305 1598 1378 1661 et
1430 1583 1908 1661 Cancellariae
1959 1582 2403 1680 Apostolicae

286 1708 528 1797 regula
578 1708 666 1779 de
719 1708 870 1783 iure
924 1710 1244 1811 quaesito
1298 1730 1443 1783 non
1500 1707 1843 1789 tollendo,
1882 1707 2177 1801 aliisque
2213 1703 2405 1782 Con-

286 1828 794 1915 stitutionibus,
849 1838 918 1901 et
955 1826 1448 1904 Sanctionihus
1504 1826 1953 1923 Apostolicis,
2005 1828 2403 1925 ceterisque

285 1948 658 2043 contrariis
707 1950 1294 2045 quibuscumque.

501 2063 760 2143 Datum
805 2066 1072 2145 Romae
1127 2071 1312 2165 apud
1367 2068 1440 2143 S.
1481 2066 1778 2146 Petrum
1816 2070 1943 2143 suh
1981 2069 2243 2143 annulo
2278 2064 2405 2141 Pi·

283 2190 579 2263 sectoris
615 2188 726 2261 die
760 2184 954 2263 XVII
991 2186 1290 2285 Augusti
1326 2185 1893 2265 MDCCGLxlx.
1936 2184 2405 2267 Pontificatus

282 2306 526 2385 Nostri
580 2304 786 2385 Anno
837 2306 1188 2403 Vigesimo
1241 2323 1522 2407 quarto.

1079 2549 1164 2627 N.
1221 2548 1434 2629 Cinn.
1493 2549 1885 2633 Pmccum
1940 2548 2291 2631 Granum.
