3292 5275
2214 511 2373 595 213

253 660 340 734 ad
411 663 534 734 illa
611 662 1002 755 spectantia
1076 660 1318 751 vigore
1391 657 1863 750 praesentium
1942 651 2372 729 Litterarum

249 779 806 875 Apostolicarum
863 793 1321 870 aggregantur
1379 792 1452 848 et
1511 779 2095 870 incorporantur-2
2155 778 2255 849 ita
2295 788 2375 849 ut

251 904 466 975 iid'em
511 922 862 974 sacrorum
903 899 1276 972 Antistites
1315 900 1386 969 in
1433 898 1681 970 iisdem
1724 900 2095 972 territoriis
2134 918 2377 969 omnes

251 1040 323 1100 et
369 1028 678 1121 singulas
727 1030 1094 1099 facultates
1153 1037 1296 1096 tam
1335 1024 1723 1097 ordinarias
1789 1047 1997 1118 quam
2056 1037 2375 1096 extraor-

253 1152 556 1223 dinarias
621 1164 832 1244 atque
898 1152 1160 1232 etiam,
1231 1149 1332 1221 uti
1397 1170 1655 1240 supra,
1730 1148 2089 1239 delegatas
2160 1169 2376 1219 exer-

254 1294 411 1345 cere
471 1260 801 1354 valeant,
871 1262 1454 1363 quemadmodum
1513 1289 1636 1343 eas
1682 1251 2023 1343 exercent
2081 1268 2151 1341 in
2216 1290 2381 1363 pro-

254 1394 430 1485 priis
497 1392 961 1499 dioecesibus.
1279 1382 1286 1391 ’

439 1508 571 1585 'Ne
612 1524 848 1586 autem
898 1510 1108 1585 huius
1163 1512 1676 1602 aggregationis
1734 1510 2097 1583 occasione
2152 1512 2381 1584 ullum
2506 1551 2513 1560 ·

251 1634 694 1726 disperdatur
769 1646 893 1707 aut
969 1643 1214 1726 pereat
1287 1643 1817 1705 monumentum
1890 1634 1977 1704 ad
2044 1632 2381 1705 ecclesia-

253 1756 868 1847 sticum-regimen
939 1752 1412 1831 necessarium
1469 1764 1542 1825 et
1609 1765 2101 1845 opportunum,
2172 1755 2385 1829 volu-

253 1895 412 1949 mus
475 1888 550 1949 et
601 1872 1115 1961 'mandamu8,'
1157 1885 1236 1946 ut
1294 1874 1568 1965 singula
1634 1877 2153 1961 instrumenta,
2228 1874 2383 1945 sive

255 2007 674 2069 testamenta
739 1998 828 2067 ad
893 1997 1038 2090 pias
1097 2016 1396 2081 causaS,
1447 1997 1600 2068 sive
1660 1996 1941 2069 demum
2000 2014 2387 2091 quaecum·-

253 2138 396 2209 que
455 2120 720 2210 scripta
775 2116 1226 2210 respicientia
1292 2137 1661 2208 personas,
1719 2138 1865 2202 res·‚
1913 2118 2103 2200 iura,
2167 2116 2387 2191 ratio-

257 2258 520 2331 nesque
583 2236 1102 2310 ecclesiasticas
1157 2236 1230 2308 in
1291 2238 1757 2329 incorporatis
1815 2238 2193 2309 territoriis
2235 2238 2385 2309 exi-

257 2360 556 2447 stentia,
597 2359 840 2431 sedulo
895 2356 1240 2452 exquisita
1289 2370 1362 2429 et
1419 2359 1711 2428 collecta
1750 2358 1837 2429 ad
1875 2354 2389 2433 cancellariam

257 2481 730 2553 transferatur
803 2480 1231 2571 singulorum
1295 2474 1754 2564 Antistitum,
1819 2478 2066 2573 quibus
2129 2480 2379 2552 eadem

260 2604 616 2675 territoria
675 2602 990 2676 subiecta
1029 2612 1222 2685 sunt,
1265 2600 1608 2674 servanda
1666 2600 1750 2672 ad
1789 2610 2198 2695 perpetuam
2234 2622 2383 2674 me-

257 2725 548 2796 moriam
608 2735 680 2794 et
748 2733 1184 2815 posterorum
1250 2722 1655 2795 utilitatem.

473 2840 808 2917 Ceterum
865 2841 1120 2920 diserte
1189 2844 1655 2932 declaramus,
1713 2841 2281 2939 aggregationem
2316 2857 2390 2918 et

259 2967 890 3062 incorporationem
930 2969 1442 3043 territoriorum
1507 2980 1812 3062 quatuor
1866 2964 2227 3044 Ordinum
2264 2973 2393 3043 mi-

229 3083 575 3160 ·litar-ium'
637 3087 966 3182 proximis
1025 3087 1476 3162 dioecesibus
1513 3089 1735 3161 -h'isce
1800 3085 2071 3163 Nostris
2109 3089 2391 3166 Litteris

261 3209 616 3282 decretam
681 3211 967 3283 minime
1039 3207 1447 3284 obfuturam
1487 3211 1640 3285 sive
1677 3228 1903 3283 novae
1965 3212 2395 3286 dioecesium

259 3331 924 3425 circumscriptioni,
965 3334 1121 3403 sive
1157 3333 1369 3403 etiam
1420 3330 1796 3424 peculiaris
1844 3334 2175 3407 territorii
2225 3357 2397 3410 con-

259 3443 620 3526 stitutioni
692 3455 768 3525 in
831 3449 1310 3527 Conventione
1377 3455 1763 3546 propositis
1796 3503 1815 3540 ,
1891 3453 1947 3526 si
2018 3467 2397 3550 utrumque

262 3577 381 3648 vel
447 3577 861 3648 alterutrum
934 3593 1026 3646 ex
1117 3575 1615 3649 adiunctorum
1700 3578 2082 3651 mutatione
2166 3600 2396 3676 quan·-

263 3699 657 3792 documque
695 3699 910 3768 fuerit
949 3695 1033 3767 ad
1091 3717 1241 3769 rem
1275 3687 1811 3771 adducendum.
1872 3697 1983 3772 Ad
2030 3704 2165 3775 ista
2218 3723 2395 3778 vero

263 3820 336 3890 in
391 3839 558 3890 casu
614 3806 1069 3911 perficienda,
1120 3817 1330 3891 sicuti
1391 3829 1469 3890 et
1506 3821 1592 3890 ad
1643 3821 2250 3909 constituendum,
2290 3827 2397 3898 in-

262 3950 388 4011 xta
449 3939 698 4011 eadem
763 3949 970 4034 pacta
1037 3953 1416 4024 conventa,
1489 3937 1882 4013 Titula‘rem
1956 3938 2395 4038 Episcopum

263 4060 336 4130 in
395 4061 710 4154 partibus
773 4057 1185 4144 infidelium,
1239 4063 1352 4132 cui
1413 4059 1605 4132 illius
1662 4059 2007 4134 territorii
2065 4053 2398 4139 ecelesia·-

265 4181 438 4257 stica
507 4173 890 4254 iurisdictio
951 4183 1470 4270 committatur,
1529 4183 1683 4253 iura
1720 4185 1973 4256 omnia
2038 4200 2167 4260 sua
2233 4187 2397 4262 huic

267 4283 606 4371 Sanctae·
641 4286 806 4361 sedi
851 4305 1188 4382 expresse
1245 4295 1715 4372 reservamus.
