<?xml version="1.0" encoding="UTF-8"?>
<!DOCTYPE html PUBLIC "-//W3C//DTD XHTML 1.0 Transitional//EN"
    "http://www.w3.org/TR/xhtml1/DTD/xhtml1-transitional.dtd">
<html xmlns="http://www.w3.org/1999/xhtml" xml:lang="en" lang="en">
 <head>
  <title>
</title>
<meta http-equiv="Content-Type" content="text/html;charset=utf-8" />
  <meta name='ocr-system' content='tesseract 3.04.00' />
  <meta name='ocr-capabilities' content='ocr_page ocr_carea ocr_par ocr_line ocrx_word'/>
</head>
<body>
  <div class='ocr_page' id='page_1' title='image "./piiixpontificis01ixgoog_0202.png"; bbox 0 0 3292 5275; ppageno 0'>
   <div class='ocr_carea' id='block_1_1' title="bbox 862 619 3022 4442">
    <p class='ocr_par' dir='ltr' id='par_1_1' title="bbox 862 619 3022 3734">
     <span class='ocr_line' id='line_1_1' title="bbox 1078 619 2989 733; baseline 0 -38"><span class='ocrx_word' id='word_1_1' title='bbox 1078 619 1329 695; x_wconf 85' lang='lat' dir='ltr'><strong>Verum</strong></span> <span class='ocrx_word' id='word_1_2' title='bbox 1382 624 1599 697; x_wconf 84' lang='lat' dir='ltr'><strong>hodie·</strong></span> <span class='ocrx_word' id='word_1_3' title='bbox 1647 623 1930 721; x_wconf 70' lang='lat' dir='ltr'><strong>gravius</strong></span> <span class='ocrx_word' id='word_1_4' title='bbox 1983 630 2263 721; x_wconf 73' lang='lat' dir='ltr'><strong>quoque</strong></span> <span class='ocrx_word' id='word_1_5' title='bbox 2330 623 2568 697; x_wconf 91' lang='lat' dir='ltr'><strong>dolere</strong></span> <span class='ocrx_word' id='word_1_6' title='bbox 2625 624 2937 716; x_wconf 79' lang='lat' dir='ltr'><strong>cogimur</strong></span> <span class='ocrx_word' id='word_1_7' title='bbox 2966 696 2989 733; x_wconf 70' lang='lat'>‚</span> 
     </span>
     <span class='ocr_line' id='line_1_2' title="bbox 870 743 2996 842; baseline -0.001 -23"><span class='ocrx_word' id='word_1_8' title='bbox 870 744 1056 842; x_wconf 89' lang='lat' dir='ltr'><strong>quod</strong></span> <span class='ocrx_word' id='word_1_9' title='bbox 1112 764 1245 815; x_wconf 90' lang='lat' dir='ltr'><strong>nec</strong></span> <span class='ocrx_word' id='word_1_10' title='bbox 1302 744 1656 819; x_wconf 87' lang='lat' dir='ltr'><strong>suavitate</strong></span> <span class='ocrx_word' id='word_1_11' title='bbox 1695 747 1881 828; x_wconf 76' lang='lat' dir='ltr'><strong>eiua,</strong></span> <span class='ocrx_word' id='word_1_12' title='bbox 1939 766 2066 817; x_wconf 89' lang='lat' dir='ltr'><strong>nec</strong></span> <span class='ocrx_word' id='word_1_13' title='bbox 2122 743 2518 836; x_wconf 88' lang='lat' dir='ltr'><strong>prudentia,</strong></span> <span class='ocrx_word' id='word_1_14' title='bbox 2575 766 2702 817; x_wconf 90' lang='lat' dir='ltr'><strong>nec</strong></span> <span class='ocrx_word' id='word_1_15' title='bbox 2757 756 2996 817; x_wconf 84' lang='lat' dir='ltr'><strong>aucto.</strong></span> 
     </span>
     <span class='ocr_line' id='line_1_3' title="bbox 870 864 2993 959; baseline -0.001 -20"><span class='ocrx_word' id='word_1_16' title='bbox 870 869 1101 949; x_wconf 77' lang='lat' dir='ltr'><strong>ritate,</strong></span> <span class='ocrx_word' id='word_1_17' title='bbox 1157 868 1650 959; x_wconf 84' lang='lat' dir='ltr'><strong>perversorum</strong></span> <span class='ocrx_word' id='word_1_18' title='bbox 1704 864 1992 939; x_wconf 89' lang='lat' dir='ltr'><strong>audacia</strong></span> <span class='ocrx_word' id='word_1_19' title='bbox 2053 866 2328 955; x_wconf 78' lang='lat' dir='ltr'><strong>frangi,</strong></span> <span class='ocrx_word' id='word_1_20' title='bbox 2393 876 2514 937; x_wconf 91' lang='lat' dir='ltr'><strong>aut</strong></span> <span class='ocrx_word' id='word_1_21' title='bbox 2569 865 2828 942; x_wconf 89' lang='lat' dir='ltr'><strong>molliri</strong></span> <span class='ocrx_word' id='word_1_22' title='bbox 2883 866 2993 937; x_wconf 85' lang='lat' dir='ltr'><strong>ul·-</strong></span> 
     </span>
     <span class='ocr_line' id='line_1_4' title="bbox 866 972 2994 1079; baseline -0.001 -19"><span class='ocrx_word' id='word_1_23' title='bbox 866 988 937 1060; x_wconf 95' lang='lat' dir='ltr'><strong>la</strong></span> <span class='ocrx_word' id='word_1_24' title='bbox 994 986 1256 1058; x_wconf 82' lang='lat' dir='ltr'><strong>ratione</strong></span> <span class='ocrx_word' id='word_1_25' title='bbox 1312 984 1637 1079; x_wconf 84' lang='lat' dir='ltr'><strong>potuerit.</strong></span> <span class='ocrx_word' id='word_1_26' title='bbox 1694 982 1852 1078; x_wconf 87' lang='lat' dir='ltr'><strong>Ipse</strong></span> <span class='ocrx_word' id='word_1_27' title='bbox 1909 981 2194 1079; x_wconf 88' lang='lat' dir='ltr'><strong>quidem</strong></span> <span class='ocrx_word' id='word_1_28' title='bbox 2249 982 2363 1057; x_wconf 86' lang='lat' dir='ltr'><strong>vix</strong></span> <span class='ocrx_word' id='word_1_29' title='bbox 2399 972 2994 1077; x_wconf 84' lang='lat' dir='ltr'><strong>Constantinopo-</strong></span> 
     </span>
     <span class='ocr_line' id='line_1_5' title="bbox 872 1104 2992 1200; baseline -0.001 -20"><span class='ocrx_word' id='word_1_30' title='bbox 872 1110 995 1180; x_wconf 90' lang='lat' dir='ltr'><strong>lim</strong></span> <span class='ocrx_word' id='word_1_31' title='bbox 1050 1107 1403 1200; x_wconf 84' lang='lat' dir='ltr'>appulsus,</span> <span class='ocrx_word' id='word_1_32' title='bbox 1458 1128 1724 1179; x_wconf 88' lang='lat' dir='ltr'><strong>memor</strong></span> <span class='ocrx_word' id='word_1_33' title='bbox 1777 1104 2299 1185; x_wconf 83' lang='lat' dir='ltr'><strong>ecclesiasticae</strong></span> <span class='ocrx_word' id='word_1_34' title='bbox 2353 1104 2689 1192; x_wconf 88' lang='lat' dir='ltr'><strong>lenitatis,</strong></span> <span class='ocrx_word' id='word_1_35' title='bbox 2737 1104 2992 1179; x_wconf 76' lang='lat' dir='ltr'><strong>accivit</strong></span> 
     </span>
     <span class='ocr_line' id='line_1_6' title="bbox 868 1225 2990 1321; baseline -0.001 -20"><span class='ocrx_word' id='word_1_36' title='bbox 868 1229 954 1301; x_wconf 90' lang='lat' dir='ltr'><strong>ad</strong></span> <span class='ocrx_word' id='word_1_37' title='bbox 1008 1248 1081 1299; x_wconf 90' lang='lat' dir='ltr'><strong>se</strong></span> <span class='ocrx_word' id='word_1_38' title='bbox 1138 1226 1539 1319; x_wconf 86' lang='lat' dir='ltr'><strong>praecipuos</strong></span> <span class='ocrx_word' id='word_1_39' title='bbox 1622 1225 2224 1319; x_wconf 84' lang='lat' dir='ltr'><strong>perturbationum</strong></span> <span class='ocrx_word' id='word_1_40' title='bbox 2302 1236 2622 1299; x_wconf 85' lang='lat' dir='ltr'><strong>auctores</strong></span> <span class='ocrx_word' id='word_1_41' title='bbox 2653 1275 2675 1312; x_wconf 92' lang='lat'><strong>,</strong></span> <span class='ocrx_word' id='word_1_42' title='bbox 2731 1246 2990 1321; x_wconf 87' lang='lat' dir='ltr'><strong>eosque</strong></span> 
     </span>
     <span class='ocr_line' id='line_1_7' title="bbox 869 1345 2992 1442; baseline -0 -21"><span class='ocrx_word' id='word_1_43' title='bbox 869 1348 1179 1442; x_wconf 84' lang='lat' dir='ltr'><strong>paternis</strong></span> <span class='ocrx_word' id='word_1_44' title='bbox 1234 1347 1512 1420; x_wconf 87' lang='lat' dir='ltr'><strong>monitis</strong></span> <span class='ocrx_word' id='word_1_45' title='bbox 1572 1347 1663 1419; x_wconf 90' lang='lat' dir='ltr'><strong>ad</strong></span> <span class='ocrx_word' id='word_1_46' title='bbox 1716 1345 1948 1420; x_wconf 89' lang='lat' dir='ltr'><strong>debita</strong></span> <span class='ocrx_word' id='word_1_47' title='bbox 2005 1346 2345 1441; x_wconf 88' lang='lat' dir='ltr'><strong>obsequia</strong></span> <span class='ocrx_word' id='word_1_48' title='bbox 2381 1346 2716 1420; x_wconf 85' lang='lat' dir='ltr'><strong>reducere</strong></span> <span class='ocrx_word' id='word_1_49' title='bbox 2769 1366 2992 1421; x_wconf 83' lang='lat' dir='ltr'><strong>cona-</strong></span> 
     </span>
     <span class='ocr_line' id='line_1_8' title="bbox 872 1456 2989 1561; baseline 0 -20"><span class='ocrx_word' id='word_1_50' title='bbox 872 1480 987 1541; x_wconf 86' lang='lat' dir='ltr'><strong>tus</strong></span> <span class='ocrx_word' id='word_1_51' title='bbox 1042 1478 1178 1540; x_wconf 88' lang='lat' dir='ltr'><strong>est.</strong></span> <span class='ocrx_word' id='word_1_52' title='bbox 1237 1462 1527 1540; x_wconf 84' lang='lat' dir='ltr'><strong>Frustra</strong></span> <span class='ocrx_word' id='word_1_53' title='bbox 1581 1469 1764 1541; x_wconf 90' lang='lat' dir='ltr'><strong>hanc</strong></span> <span class='ocrx_word' id='word_1_54' title='bbox 1822 1456 2236 1540; x_wconf 86' lang='lat' dir='ltr'><strong>industriam</strong></span> <span class='ocrx_word' id='word_1_55' title='bbox 2297 1480 2652 1561; x_wconf 83' lang='lat' dir='ltr'><strong>expertus,</strong></span> <span class='ocrx_word' id='word_1_56' title='bbox 2711 1468 2989 1560; x_wconf 90' lang='lat' dir='ltr'><strong>publice</strong></span> 
     </span>
     <span class='ocr_line' id='line_1_9' title="bbox 872 1580 2991 1683; baseline 0 -22"><span class='ocrx_word' id='word_1_57' title='bbox 872 1588 1227 1683; x_wconf 85' lang='lat' dir='ltr'><strong>proposuit</strong></span> <span class='ocrx_word' id='word_1_58' title='bbox 1282 1583 1584 1661; x_wconf 83' lang='lat' dir='ltr'><strong>Litteras</strong></span> <span class='ocrx_word' id='word_1_59' title='bbox 1640 1580 1961 1673; x_wconf 79' lang='lat' dir='ltr'><strong>NostraS,</strong></span> <span class='ocrx_word' id='word_1_60' title='bbox 2015 1588 2274 1681; x_wconf 82' lang='lat' dir='ltr'><strong>quibus</strong></span> <span class='ocrx_word' id='word_1_61' title='bbox 2333 1585 2700 1681; x_wconf 80' lang='lat' dir='ltr'><strong>peculiaria</strong></span> <span class='ocrx_word' id='word_1_62' title='bbox 2764 1607 2991 1663; x_wconf 82' lang='lat' dir='ltr'><strong>novo-</strong></span> 
     </span>
     <span class='ocr_line' id='line_1_10' title="bbox 870 1707 2990 1795; baseline -0 -13"><span class='ocrx_word' id='word_1_63' title='bbox 870 1730 1023 1782; x_wconf 89' lang='lat' dir='ltr'><strong>rum</strong></span> <span class='ocrx_word' id='word_1_64' title='bbox 1052 1718 1429 1783; x_wconf 86' lang='lat' dir='ltr'><strong>eventuum</strong></span> <span class='ocrx_word' id='word_1_65' title='bbox 1460 1707 1788 1782; x_wconf 88' lang='lat' dir='ltr'><strong>adiuncta</strong></span> <span class='ocrx_word' id='word_1_66' title='bbox 1825 1708 2386 1782; x_wconf 80' lang='lat' dir='ltr'><strong>commendantes</strong></span> <span class='ocrx_word' id='word_1_67' title='bbox 2421 1709 2568 1781; x_wconf 87' lang='lat' dir='ltr'><strong>cius</strong></span> <span class='ocrx_word' id='word_1_68' title='bbox 2603 1709 2990 1795; x_wconf 60' lang='lat' dir='ltr'><strong>zelo,‚con-</strong></span> 
     </span>
     <span class='ocr_line' id='line_1_11' title="bbox 869 1824 2976 1903; baseline -0.001 -1"><span class='ocrx_word' id='word_1_69' title='bbox 869 1828 1314 1903; x_wconf 87' lang='lat' dir='ltr'><strong>firmabamus</strong></span> <span class='ocrx_word' id='word_1_70' title='bbox 1350 1824 1936 1903; x_wconf 77' lang='lat' dir='ltr'><strong>constitutionem</strong></span> <span class='ocrx_word' id='word_1_71' title='bbox 1990 1824 2320 1902; x_wconf 86' lang='lat' dir='ltr'><strong>Nostram</strong></span> <span class='ocrx_word' id='word_1_72' title='bbox 2383 1853 2418 1898; x_wconf 69' lang='grc' dir='ltr'>α</span> <span class='ocrx_word' id='word_1_73' title='bbox 2465 1824 2900 1901; x_wconf 74' lang='lat' dir='ltr'><strong>Reversurus</strong></span> <span class='ocrx_word' id='word_1_74' title='bbox 2939 1852 2976 1899; x_wconf 70' lang='lat' dir='ltr'><strong>n</strong></span> 
     </span>
     <span class='ocr_line' id='line_1_12' title="bbox 870 1934 2989 2041; baseline -0.001 -18"><span class='ocrx_word' id='word_1_75' title='bbox 870 1951 1125 2023; x_wconf 90' lang='lat' dir='ltr'><strong>editam</strong></span> <span class='ocrx_word' id='word_1_76' title='bbox 1181 1949 1298 2022; x_wconf 91' lang='lat' dir='ltr'><strong>die</strong></span> <span class='ocrx_word' id='word_1_77' title='bbox 1352 1942 1756 2025; x_wconf 67' lang='lat' dir='ltr'><strong>duodecima</strong></span> <span class='ocrx_word' id='word_1_78' title='bbox 1814 1945 1968 2024; x_wconf 83' lang='lat' dir='ltr'><strong>Iulii</strong></span> <span class='ocrx_word' id='word_1_79' title='bbox 2007 1934 2210 2023; x_wconf 72' lang='grc'>1867</span> <span class='ocrx_word' id='word_1_80' title='bbox 2266 1970 2390 2041; x_wconf 85' lang='lat' dir='ltr'><strong>pro</strong></span> <span class='ocrx_word' id='word_1_81' title='bbox 2445 1960 2637 2022; x_wconf 89' lang='lat' dir='ltr'><strong>recta</strong></span> <span class='ocrx_word' id='word_1_82' title='bbox 2690 1944 2989 2041; x_wconf 88' lang='lat' dir='ltr'><strong>Episco-</strong></span> 
     </span>
     <span class='ocr_line' id='line_1_13' title="bbox 870 2068 2988 2165; baseline -0.002 -20"><span class='ocrx_word' id='word_1_83' title='bbox 870 2092 1115 2165; x_wconf 81' lang='lat' dir='ltr'><strong>porum</strong></span> <span class='ocrx_word' id='word_1_84' title='bbox 1168 2069 1527 2154; x_wconf 85' lang='lat' dir='ltr'><strong>electione,</strong></span> <span class='ocrx_word' id='word_1_85' title='bbox 1570 2092 1897 2143; x_wconf 88' lang='lat' dir='ltr'><strong>revocare</strong></span> <span class='ocrx_word' id='word_1_86' title='bbox 1955 2070 2348 2144; x_wconf 85' lang='lat' dir='ltr'><strong>nitebamur</strong></span> <span class='ocrx_word' id='word_1_87' title='bbox 2401 2069 2489 2142; x_wconf 91' lang='lat' dir='ltr'><strong>ad</strong></span> <span class='ocrx_word' id='word_1_88' title='bbox 2545 2068 2764 2143; x_wconf 84' lang='lat' dir='ltr'><strong>officia</strong></span> <span class='ocrx_word' id='word_1_89' title='bbox 2819 2090 2988 2162; x_wconf 89' lang='lat' dir='ltr'><strong>pro-</strong></span> 
     </span>
     <span class='ocr_line' id='line_1_14' title="bbox 869 2184 2984 2289; baseline -0.001 -24"><span class='ocrx_word' id='word_1_90' title='bbox 869 2190 1000 2284; x_wconf 90' lang='lat' dir='ltr'><strong>prii</strong></span> <span class='ocrx_word' id='word_1_91' title='bbox 1055 2189 1345 2264; x_wconf 87' lang='lat' dir='ltr'><strong>instituti</strong></span> <span class='ocrx_word' id='word_1_92' title='bbox 1381 2186 1664 2265; x_wconf 88' lang='lat' dir='ltr'><strong>Clerum</strong></span> <span class='ocrx_word' id='word_1_93' title='bbox 1717 2190 2144 2264; x_wconf 85' lang='lat' dir='ltr'><strong>saecularem</strong></span> <span class='ocrx_word' id='word_1_94' title='bbox 2186 2199 2276 2289; x_wconf 85' lang='lat' dir='ltr'><strong>et</strong></span> <span class='ocrx_word' id='word_1_95' title='bbox 2328 2184 2757 2275; x_wconf 73' lang='lat' dir='ltr'><strong>Monachus,</strong></span> <span class='ocrx_word' id='word_1_96' title='bbox 2807 2184 2984 2263; x_wconf 80' lang='lat' dir='ltr'><strong>Lai·-</strong></span> 
     </span>
     <span class='ocr_line' id='line_1_15' title="bbox 866 2306 2986 2404; baseline -0.002 -19"><span class='ocrx_word' id='word_1_97' title='bbox 866 2334 985 2386; x_wconf 88' lang='lat' dir='ltr'><strong>cos</strong></span> <span class='ocrx_word' id='word_1_98' title='bbox 1038 2314 1507 2398; x_wconf 89' lang='lat' dir='ltr'><strong>monebamus,</strong></span> <span class='ocrx_word' id='word_1_99' title='bbox 1545 2331 1632 2382; x_wconf 90' lang='lat' dir='ltr'><strong>ne</strong></span> <span class='ocrx_word' id='word_1_100' title='bbox 1685 2309 1933 2383; x_wconf 88' lang='lat' dir='ltr'><strong>limites</strong></span> <span class='ocrx_word' id='word_1_101' title='bbox 1990 2309 2152 2404; x_wconf 87' lang='lat' dir='ltr'><strong>ipsis</strong></span> <span class='ocrx_word' id='word_1_102' title='bbox 2207 2310 2293 2381; x_wconf 89' lang='lat' dir='ltr'><strong>ab</strong></span> <span class='ocrx_word' id='word_1_103' title='bbox 2347 2306 2666 2382; x_wconf 87' lang='lat' dir='ltr'><strong>Ecclesia</strong></span> <span class='ocrx_word' id='word_1_104' title='bbox 2723 2312 2986 2382; x_wconf 87' lang='lat' dir='ltr'><strong>consti-</strong></span> 
     </span>
     <span class='ocr_line' id='line_1_16' title="bbox 868 2430 3022 2527; baseline -0.001 -19"><span class='ocrx_word' id='word_1_105' title='bbox 868 2446 1052 2509; x_wconf 88' lang='lat' dir='ltr'><strong>tutos</strong></span> <span class='ocrx_word' id='word_1_106' title='bbox 1118 2434 1561 2517; x_wconf 84' lang='lat' dir='ltr'><strong>excederent,</strong></span> <span class='ocrx_word' id='word_1_107' title='bbox 1609 2444 1681 2504; x_wconf 89' lang='lat' dir='ltr'><strong>et</strong></span> <span class='ocrx_word' id='word_1_108' title='bbox 1745 2434 2107 2527; x_wconf 84' lang='lat' dir='ltr'><strong>perspicue</strong></span> <span class='ocrx_word' id='word_1_109' title='bbox 2155 2432 2798 2505; x_wconf 84' lang='lat' dir='ltr'><strong>demonstrabamus</strong></span> <span class='ocrx_word' id='word_1_110' title='bbox 2835 2430 3022 2505; x_wconf 80' lang='lat' dir='ltr'><strong>ina--</strong></span> 
     </span>
     <span class='ocr_line' id='line_1_17' title="bbox 869 2548 2986 2648; baseline -0.001 -21"><span class='ocrx_word' id='word_1_111' title='bbox 869 2555 1163 2628; x_wconf 87' lang='lat' dir='ltr'><strong>nitatem</strong></span> <span class='ocrx_word' id='word_1_112' title='bbox 1219 2552 1640 2648; x_wconf 89' lang='lat' dir='ltr'><strong>prolatarum</strong></span> <span class='ocrx_word' id='word_1_113' title='bbox 1724 2575 1764 2625; x_wconf 91' lang='lat' dir='ltr'><strong>a</strong></span> <span class='ocrx_word' id='word_1_114' title='bbox 1849 2551 2266 2626; x_wconf 70' lang='lat' dir='ltr'><strong>retractat-iis</strong></span> <span class='ocrx_word' id='word_1_115' title='bbox 2319 2548 2986 2646; x_wconf 73' lang='lat' dir='ltr'><strong>expostulationum.</strong></span> 
     </span>
     <span class='ocr_line' id='line_1_18' title="bbox 873 2666 2986 2753; baseline -0.003 0"><span class='ocrx_word' id='word_1_116' title='bbox 873 2670 983 2753; x_wconf 85' lang='lat' dir='ltr'><strong>Ea</strong></span> <span class='ocrx_word' id='word_1_117' title='bbox 1037 2697 1206 2750; x_wconf 81' lang='lat' dir='ltr'><strong>vero</strong></span> <span class='ocrx_word' id='word_1_118' title='bbox 1262 2674 1622 2749; x_wconf 75' lang='lat' dir='ltr'><strong>occasione</strong></span> <span class='ocrx_word' id='word_1_119' title='bbox 1703 2673 1888 2746; x_wconf 83' lang='lat' dir='ltr'><strong>idem</strong></span> <span class='ocrx_word' id='word_1_120' title='bbox 1940 2668 2114 2748; x_wconf 86' lang='lat' dir='ltr'><strong>Ven.</strong></span> <span class='ocrx_word' id='word_1_121' title='bbox 2171 2669 2418 2748; x_wconf 82' lang='lat' dir='ltr'><strong>Frater</strong></span> <span class='ocrx_word' id='word_1_122' title='bbox 2469 2669 2810 2747; x_wconf 68' lang='lat' dir='ltr'><strong>Antonius</strong></span> <span class='ocrx_word' id='word_1_123' title='bbox 2863 2666 2986 2746; x_wconf 80' lang='lat' dir='ltr'><strong>lo-</strong></span> 
     </span>
     <span class='ocr_line' id='line_1_19' title="bbox 866 2793 2983 2890; baseline -0.001 -21"><span class='ocrx_word' id='word_1_124' title='bbox 866 2795 1121 2890; x_wconf 84' lang='lat' dir='ltr'><strong>sepbus</strong></span> <span class='ocrx_word' id='word_1_125' title='bbox 1172 2795 1615 2872; x_wconf 72' lang='lat' dir='ltr'><strong>comminatus</strong></span> <span class='ocrx_word' id='word_1_126' title='bbox 1673 2793 1798 2872; x_wconf 74' lang='lat' dir='ltr'><strong>tuit</strong></span> <span class='ocrx_word' id='word_1_127' title='bbox 1854 2793 2358 2870; x_wconf 72' lang='lat' dir='ltr'><strong>ecclesiasticas</strong></span> <span class='ocrx_word' id='word_1_128' title='bbox 2419 2813 2743 2866; x_wconf 83' lang='lat' dir='ltr'><strong>censuras</strong></span> <span class='ocrx_word' id='word_1_129' title='bbox 2795 2795 2886 2866; x_wconf 87' lang='lat' dir='ltr'><strong>iis</strong></span> <span class='ocrx_word' id='word_1_130' title='bbox 2939 2813 2983 2867; x_wconf 80' lang='lat' dir='ltr'><strong>e</strong></span> 
     </span>
     <span class='ocr_line' id='line_1_20' title="bbox 866 2912 2987 3010; baseline -0.001 -21"><span class='ocrx_word' id='word_1_131' title='bbox 866 2917 1085 3001; x_wconf 81' lang='lat' dir='ltr'><strong>clere,</strong></span> <span class='ocrx_word' id='word_1_132' title='bbox 1138 2917 1261 3010; x_wconf 81' lang='lat' dir='ltr'><strong>qai</strong></span> <span class='ocrx_word' id='word_1_133' title='bbox 1314 2913 1670 3006; x_wconf 75' lang='lat' dir='ltr'><strong>legitimae</strong></span> <span class='ocrx_word' id='word_1_134' title='bbox 1715 2913 2112 2989; x_wconf 76' lang='lat' dir='ltr'><strong>auctoritati</strong></span> <span class='ocrx_word' id='word_1_135' title='bbox 2167 2913 2352 2986; x_wconf 86' lang='lat' dir='ltr'><strong>intra</strong></span> <span class='ocrx_word' id='word_1_136' title='bbox 2422 2925 2646 2987; x_wconf 79' lang='lat' dir='ltr'><strong>statos</strong></span> <span class='ocrx_word' id='word_1_137' title='bbox 2701 2912 2850 2988; x_wconf 84' lang='lat' dir='ltr'><strong>dies</strong></span> <span class='ocrx_word' id='word_1_138' title='bbox 2903 2933 2987 2987; x_wconf 75' lang='lat' dir='ltr'><strong>se</strong></span> 
     </span>
     <span class='ocr_line' id='line_1_21' title="bbox 867 3031 2982 3126; baseline -0.001 -16"><span class='ocrx_word' id='word_1_139' title='bbox 867 3035 1205 3126; x_wconf 76' lang='lat' dir='ltr'><strong>subiicere</strong></span> <span class='ocrx_word' id='word_1_140' title='bbox 1260 3049 1658 3113; x_wconf 85' lang='lat' dir='ltr'><strong>renuerent.</strong></span> <span class='ocrx_word' id='word_1_141' title='bbox 1713 3031 1810 3108; x_wconf 88' lang='lat' dir='ltr'><strong>At</strong></span> <span class='ocrx_word' id='word_1_142' title='bbox 1863 3057 2022 3108; x_wconf 84' lang='lat' dir='ltr'><strong>cum</strong></span> <span class='ocrx_word' id='word_1_143' title='bbox 2049 3056 2169 3108; x_wconf 82' lang='lat' dir='ltr'><strong>eos</strong></span> <span class='ocrx_word' id='word_1_144' title='bbox 2207 3033 2354 3108; x_wconf 82' lang='lat' dir='ltr'><strong>dies</strong></span> <span class='ocrx_word' id='word_1_145' title='bbox 2405 3033 2749 3107; x_wconf 85' lang='lat' dir='ltr'><strong>incassum</strong></span> <span class='ocrx_word' id='word_1_146' title='bbox 2799 3033 2982 3108; x_wconf 80' lang='lat' dir='ltr'><strong>dila-</strong></span> 
     </span>
     <span class='ocr_line' id='line_1_22' title="bbox 866 3152 2986 3252; baseline -0.002 -21"><span class='ocrx_word' id='word_1_147' title='bbox 866 3158 939 3231; x_wconf 83' lang='lat' dir='ltr'><strong>bi</strong></span> <span class='ocrx_word' id='word_1_148' title='bbox 989 3156 1275 3232; x_wconf 74' lang='lat' dir='ltr'><strong>vidisset</strong></span> <span class='ocrx_word' id='word_1_149' title='bbox 1327 3157 1830 3252; x_wconf 77' lang='lat' dir='ltr'><strong>prorogandum</strong></span> <span class='ocrx_word' id='word_1_150' title='bbox 1883 3156 2118 3232; x_wconf 82' lang='lat' dir='ltr'><strong>adbuc</strong></span> <span class='ocrx_word' id='word_1_151' title='bbox 2174 3152 2437 3228; x_wconf 71' lang='lat' dir='ltr'><strong>cenarit</strong></span> <span class='ocrx_word' id='word_1_152' title='bbox 2487 3155 2986 3248; x_wconf 80' lang='lat' dir='ltr'><strong>praestitutum</strong></span> 
     </span>
     <span class='ocr_line' id='line_1_23' title="bbox 864 3275 2982 3370; baseline -0.002 -15"><span class='ocrx_word' id='word_1_153' title='bbox 864 3279 1227 3355; x_wconf 79' lang='lat' dir='ltr'><strong>terminum</strong></span> <span class='ocrx_word' id='word_1_154' title='bbox 1258 3321 1283 3363; x_wconf 85' lang='lat'><strong>,</strong></span> <span class='ocrx_word' id='word_1_155' title='bbox 1338 3300 1463 3355; x_wconf 83' lang='lat' dir='ltr'><strong>nee</strong></span> <span class='ocrx_word' id='word_1_156' title='bbox 1516 3289 1722 3353; x_wconf 80' lang='lat' dir='ltr'><strong>antea</strong></span> <span class='ocrx_word' id='word_1_157' title='bbox 1778 3277 2210 3354; x_wconf 78' lang='lat' dir='ltr'><strong>reluctantes</strong></span> <span class='ocrx_word' id='word_1_158' title='bbox 2265 3276 2722 3370; x_wconf 74' lang='lat' dir='ltr'><strong>suspensione</strong></span> <span class='ocrx_word' id='word_1_159' title='bbox 2772 3275 2982 3350; x_wconf 68' lang='lat' dir='ltr'><strong>inno-⁵·</strong></span> 
     </span>
     <span class='ocr_line' id='line_1_24' title="bbox 865 3395 2984 3492; baseline -0.002 -18"><span class='ocrx_word' id='word_1_160' title='bbox 865 3397 1089 3486; x_wconf 66' lang='lat' dir='ltr'><strong>davit,</strong></span> <span class='ocrx_word' id='word_1_161' title='bbox 1139 3421 1349 3492; x_wconf 81' lang='lat' dir='ltr'><strong>quam</strong></span> <span class='ocrx_word' id='word_1_162' title='bbox 1398 3397 1868 3490; x_wconf 81' lang='lat' dir='ltr'><strong>cognovisset,</strong></span> <span class='ocrx_word' id='word_1_163' title='bbox 1925 3395 2244 3472; x_wconf 82' lang='lat' dir='ltr'><strong>inutilem</strong></span> <span class='ocrx_word' id='word_1_164' title='bbox 2306 3396 2442 3469; x_wconf 90' lang='lat' dir='ltr'><strong>iam</strong></span> <span class='ocrx_word' id='word_1_165' title='bbox 2497 3409 2776 3468; x_wconf 80' lang='lat' dir='ltr'><strong>omnem</strong></span> <span class='ocrx_word' id='word_1_166' title='bbox 2825 3415 2984 3470; x_wconf 71' lang='lat' dir='ltr'><strong>esse</strong></span> 
     </span>
     <span class='ocr_line' id='line_1_25' title="bbox 866 3517 2980 3614; baseline -0.001 -19"><span class='ocrx_word' id='word_1_167' title='bbox 866 3518 1280 3614; x_wconf 71' lang='lat' dir='ltr'><strong>patientiam</strong></span> <span class='ocrx_word' id='word_1_168' title='bbox 1306 3565 1328 3604; x_wconf 91' lang='lat'><strong>,</strong></span> <span class='ocrx_word' id='word_1_169' title='bbox 1384 3529 1456 3590; x_wconf 88' lang='lat' dir='ltr'><strong>et</strong></span> <span class='ocrx_word' id='word_1_170' title='bbox 1512 3519 2095 3612; x_wconf 76' lang='lat' dir='ltr'><strong>praevertendum</strong></span> <span class='ocrx_word' id='word_1_171' title='bbox 2149 3537 2302 3590; x_wconf 87' lang='lat' dir='ltr'><strong>esse</strong></span> <span class='ocrx_word' id='word_1_172' title='bbox 2357 3539 2480 3610; x_wconf 84' lang='lat' dir='ltr'><strong>per</strong></span> <span class='ocrx_word' id='word_1_173' title='bbox 2530 3517 2710 3590; x_wconf 84' lang='lat' dir='ltr'><strong>hanc</strong></span> <span class='ocrx_word' id='word_1_174' title='bbox 2763 3534 2980 3592; x_wconf 77' lang='lat' dir='ltr'><strong>seve-</strong></span> 
     </span>
     <span class='ocr_line' id='line_1_26' title="bbox 862 3634 2972 3734; baseline -0.002 -22"><span class='ocrx_word' id='word_1_175' title='bbox 862 3643 1141 3716; x_wconf 80' lang='lat' dir='ltr'><strong>ritatem</strong></span> <span class='ocrx_word' id='word_1_176' title='bbox 1197 3639 1577 3734; x_wconf 80' lang='lat' dir='ltr'><strong>periculum</strong></span> <span class='ocrx_word' id='word_1_177' title='bbox 1628 3637 1982 3712; x_wconf 82' lang='lat' dir='ltr'><strong>ulterioris</strong></span> <span class='ocrx_word' id='word_1_178' title='bbox 2035 3635 2460 3732; x_wconf 75' lang='lat' dir='ltr'><strong>deceptionis</strong></span> <span class='ocrx_word' id='word_1_179' title='bbox 2541 3634 2972 3730; x_wconf 77' lang='lat' dir='ltr'><strong>simplicium.</strong></span> 
     </span>
    </p>

    <p class='ocr_par' dir='ltr' id='par_1_2' title="bbox 863 3757 2985 4442">
     <span class='ocr_line' id='line_1_27' title="bbox 1074 3757 2980 3850; baseline -0.002 -17"><span class='ocrx_word' id='word_1_180' title='bbox 1074 3757 1211 3850; x_wconf 82' lang='lat' dir='ltr'><strong>Qui</strong></span> <span class='ocrx_word' id='word_1_181' title='bbox 1268 3773 1493 3837; x_wconf 86' lang='lat' dir='ltr'><strong>tamen·</strong></span> <span class='ocrx_word' id='word_1_182' title='bbox 1556 3759 1656 3834; x_wconf 83' lang='lat' dir='ltr'><strong>ita</strong></span> <span class='ocrx_word' id='word_1_183' title='bbox 1707 3758 2022 3832; x_wconf 87' lang='lat' dir='ltr'><strong>mulctati</strong></span> <span class='ocrx_word' id='word_1_184' title='bbox 2056 3758 2326 3832; x_wconf 82' lang='lat' dir='ltr'><strong>fuerant</strong></span> <span class='ocrx_word' id='word_1_185' title='bbox 2361 3778 2502 3831; x_wconf 85' lang='lat' dir='ltr'><strong>non</strong></span> <span class='ocrx_word' id='word_1_186' title='bbox 2549 3757 2752 3832; x_wconf 90' lang='lat' dir='ltr'><strong>modo</strong></span> <span class='ocrx_word' id='word_1_187' title='bbox 2807 3757 2980 3831; x_wconf 82' lang='lat' dir='ltr'><strong>nibil</strong></span> 
     </span>
     <span class='ocr_line' id='line_1_28' title="bbox 863 3875 2980 3972; baseline -0.002 -16"><span class='ocrx_word' id='word_1_188' title='bbox 863 3879 955 3956; x_wconf 85' lang='lat' dir='ltr'><strong>de</strong></span> <span class='ocrx_word' id='word_1_189' title='bbox 1002 3881 1439 3959; x_wconf 74' lang='lat' dir='ltr'><strong>contumacia</strong></span> <span class='ocrx_word' id='word_1_190' title='bbox 1496 3897 1621 3954; x_wconf 85' lang='lat' dir='ltr'><strong>sua</strong></span> <span class='ocrx_word' id='word_1_191' title='bbox 1676 3877 2152 3962; x_wconf 81' lang='lat' dir='ltr'><strong>remiserunt,</strong></span> <span class='ocrx_word' id='word_1_192' title='bbox 2207 3879 2326 3952; x_wconf 82' lang='lat' dir='ltr'><strong>sed</strong></span> <span class='ocrx_word' id='word_1_193' title='bbox 2399 3899 2696 3971; x_wconf 84' lang='lat' dir='ltr'><strong>poenam</strong></span> <span class='ocrx_word' id='word_1_194' title='bbox 2759 3875 2980 3972; x_wconf 74' lang='lat' dir='ltr'><strong>ipsam</strong></span> 
     </span>
     <span class='ocr_line' id='line_1_29' title="bbox 863 3997 2978 4092; baseline -0.002 -15"><span class='ocrx_word' id='word_1_195' title='bbox 863 4013 1359 4078; x_wconf 79' lang='lat' dir='ltr'><strong>convertentes</strong></span> <span class='ocrx_word' id='word_1_196' title='bbox 1410 4000 1481 4074; x_wconf 89' lang='lat' dir='ltr'><strong>in</strong></span> <span class='ocrx_word' id='word_1_197' title='bbox 1536 3999 1840 4074; x_wconf 77' lang='lat' dir='ltr'><strong>atrocius</strong></span> <span class='ocrx_word' id='word_1_198' title='bbox 1893 3997 2186 4084; x_wconf 66' lang='lat' dir='ltr'><strong>laciniae,</strong></span> <span class='ocrx_word' id='word_1_199' title='bbox 2231 4007 2304 4074; x_wconf 84' lang='lat' dir='ltr'><strong>et</strong></span> <span class='ocrx_word' id='word_1_200' title='bbox 2329 4023 2334 4030; x_wconf 91' lang='lat'><strong>·</strong></span> <span class='ocrx_word' id='word_1_201' title='bbox 2355 3997 2634 4092; x_wconf 78' lang='lat' dir='ltr'><strong>gravius</strong></span> <span class='ocrx_word' id='word_1_202' title='bbox 2685 3999 2978 4072; x_wconf 80' lang='lat' dir='ltr'><strong>aliorum</strong></span> 
     </span>
     <span class='ocr_line' id='line_1_30' title="bbox 864 4115 2978 4212; baseline -0 -17"><span class='ocrx_word' id='word_1_203' title='bbox 864 4121 1269 4197; x_wconf 85' lang='lat' dir='ltr'><strong>scandalum</strong></span> <span class='ocrx_word' id='word_1_204' title='bbox 1299 4167 1325 4202; x_wconf 88' lang='lat'>‚</span> <span class='ocrx_word' id='word_1_205' title='bbox 1378 4119 1959 4212; x_wconf 83' lang='lat' dir='ltr'><strong>impudenterque</strong></span> <span class='ocrx_word' id='word_1_206' title='bbox 2017 4130 2542 4194; x_wconf 77' lang='lat' dir='ltr'><strong>contemnentes</strong></span> <span class='ocrx_word' id='word_1_207' title='bbox 2617 4115 2978 4194; x_wconf 77' lang='lat' dir='ltr'><strong>Ecclesiae</strong></span> 
     </span>
     <span class='ocr_line' id='line_1_31' title="bbox 866 4240 2985 4333; baseline -0.001 -15"><span class='ocrx_word' id='word_1_208' title='bbox 866 4243 1363 4318; x_wconf 65' lang='lat' dir='ltr'><strong>auctoritatem</strong></span> <span class='ocrx_word' id='word_1_209' title='bbox 1414 4254 1485 4316; x_wconf 89' lang='lat' dir='ltr'><strong>et</strong></span> <span class='ocrx_word' id='word_1_210' title='bbox 1542 4243 1730 4332; x_wconf 80' lang='lat' dir='ltr'><strong>leges</strong></span> <span class='ocrx_word' id='word_1_211' title='bbox 1761 4287 1784 4326; x_wconf 91' lang='lat'><strong>,</strong></span> <span class='ocrx_word' id='word_1_212' title='bbox 1841 4242 2064 4333; x_wconf 72' lang='lat' dir='ltr'><strong>palum</strong></span> <span class='ocrx_word' id='word_1_213' title='bbox 2145 4251 2216 4313; x_wconf 84' lang='lat' dir='ltr'><strong>ct</strong></span> <span class='ocrx_word' id='word_1_214' title='bbox 2289 4242 2506 4316; x_wconf 78' lang='lat' dir='ltr'><strong>etiam</strong></span> <span class='ocrx_word' id='word_1_215' title='bbox 2558 4240 2985 4315; x_wconf 72' lang='lat' dir='ltr'><strong>solemnium</strong></span> 
     </span>
     <span class='ocr_line' id='line_1_32' title="bbox 863 4357 2980 4442; baseline -0.001 0"><span class='ocrx_word' id='word_1_216' title='bbox 863 4362 1003 4442; x_wconf 83' lang='lat' dir='ltr'><strong>ritu</strong></span> <span class='ocrx_word' id='word_1_217' title='bbox 1058 4363 1286 4441; x_wconf 85' lang='lat' dir='ltr'><strong>omnia</strong></span> <span class='ocrx_word' id='word_1_218' title='bbox 1340 4363 1521 4438; x_wconf 85' lang='lat' dir='ltr'><strong>sacri</strong></span> <span class='ocrx_word' id='word_1_219' title='bbox 1576 4360 1936 4436; x_wconf 87' lang='lat' dir='ltr'><strong>ministerii</strong></span> <span class='ocrx_word' id='word_1_220' title='bbox 1991 4363 2239 4440; x_wconf 84' lang='lat' dir='ltr'><strong>munia</strong></span> <span class='ocrx_word' id='word_1_221' title='bbox 2291 4360 2424 4436; x_wconf 89' lang='lat' dir='ltr'><strong>sibi</strong></span> <span class='ocrx_word' id='word_1_222' title='bbox 2503 4357 2728 4436; x_wconf 74' lang='lat' dir='ltr'><strong>vetita</strong></span> <span class='ocrx_word' id='word_1_223' title='bbox 2779 4361 2980 4440; x_wconf 69' lang='lat' dir='ltr'><strong>obire</strong></span> 
     </span>
    </p>
   </div>
  </div>
 </body>
</html>
