3292 5275
876 462 1027 547 146

868 610 1183 701 quirunt.
1238 604 1710 695 Quamobrem
1766 606 2090 699 pastorali
2173 628 2251 679 ac
2306 618 2622 699 paterna,
2661 628 2800 700 qua
2855 627 2982 699 par

868 740 1006 813 est,
1062 728 1383 801 libertate
1438 750 1521 801 ac
1576 726 1942 821 prude'ntia
1995 730 2182 800 ultro
2228 729 2486 810 valeat,
2525 738 2732 820 atque
2783 740 2984 801 sata-

870 860 1015 941 gat,
1075 870 1341 922 sacram
1396 870 1561 921 suae
1617 843 1974 921 Dioecesis
2031 846 2494 921 visitationem
2547 849 2770 936 obire,
2827 862 2984 921 sta-

866 971 1037 1043 tutis
1075 991 1197 1062 per
1234 967 1483 1042 Sacros
1518 966 1840 1043 Canones
1885 969 2311 1062 temporibus
2359 964 2724 1062 Synodum
2771 964 2988 1042 Dioc-

866 1110 1213 1163 cesanam-
1240 1110 1654 1174 convocare,
1713 1102 1914 1183 atque
1967 1088 2310 1163 conficere
2368 1110 2530 1163 suas
2585 1088 2986 1193 institutio-

864 1230 1018 1300 neS,
1050 1194 1554 1296 ordinationes,
1588 1210 1946 1297 mandata,
1995 1211 2276 1284 decreta
2315 1221 2460 1282 tam
2509 1209 2596 1285 ad
2629 1211 2986 1283 -ecclesia-

864 1332 1081 1406 sticae
1119 1330 1746 1405 administrationis
1783 1353 2071 1405 munera
2107 1354 2380 1426 quaqua
2408 1350 2656 1405 versus
2693 1332 2986 1423 explen-

864 1452 979 1534 da,
1008 1474 1221 1547 quam
1260 1452 1347 1524 ad
1389 1462 1645 1525 rectam
1683 1472 1959 1526 morum
1999 1451 2442 1544 disciplinam
2479 1452 2982 1525 observandam

862 1572 1200 1667 irrogare,
1232 1594 1361 1645 nec
1400 1594 1537 1644 non
1594 1570 1981 1645 efficaciter
2018 1575 2484 1667 promulgare,
2517 1585 2729 1668 atque
2783 1576 2984 1647 insu-

863 1713 989 1784 per
1060 1693 1298 1766 scdulo
1352 1692 1639 1767 studeat
1695 1694 2254 1767 communionem
2321 1694 2600 1767 obviam
2653 1704 2724 1765 ct
2778 1714 2982 1785 pror-

862 1834 985 1887 sus
1038 1814 1329 1887 liberam
1368 1835 1499 1886 suo
1534 1834 1692 1885 cum
1745 1814 2086 1888 universo
2123 1810 2330 1887 Clero
2387 1825 2459 1887 et
2499 1810 2801 1907 Populo,
2861 1834 2982 1887 eo-

860 1954 997 2028 que
1046 1914 1261 2026 'magis
1314 1956 1475 2007 cum
1532 1934 1664 2006 hac
1730 1936 2038 2027 praefata
2101 1930 2356 2007 Sancta
2430 1931 2610 2009 Sede
2677 1930 2982 2029 Aposto-

860 2054 998 2127 lica
1053 2074 1325 2147 semper
1378 2066 1453 2128 et
1505 2054 2091 2150 quandocumque
2147 2055 2390 2129 haberi
2427 2067 2499 2129 et
2555 2056 2760 2129 tucri.

1071 2170 1451 2248 Praeterea
1491 2176 1574 2247 ad
1604 2172 2002 2269 Capitulum
2037 2176 2248 2249 huius
2287 2198 2508 2249 novae
2543 2171 2980 2249 Cathedralis

860 2293 1046 2390 quod
1103 2298 1377 2381 attinet,
1408 2292 1576 2381 NoS,
1608 2294 1842 2369 habita
1893 2297 2358 2390 peculiarium
2413 2298 2984 2371 circumstantia-

861 2435 1017 2491 rum
1070 2416 1371 2505 ratione,
1411 2414 1814 2511 Apostolica
1855 2412 2293 2491 Auctoritate
2341 2418 2837 2512 praecipimuS,
2903 2431 2983 2492 ut

860 2556 1074 2633 quam
1111 2538 1415 2629 primum
1444 2536 1592 2609 fieri
1622 2536 1876 2631 poterit
1907 2540 2058 2631 ipsa
2089 2536 2158 2609 in
2187 2534 2588 2611 Cathedrali
2617 2540 2816 2613 iuxta
2849 2536 2986 2614 Sa-

860 2679 1129 2734 crorum
1142 2653 1511 2732 Canonum
1537 2661 2055 2752 praescriptum
2069 2656 2980 2754 constituaturCapitulum,

858 2781 1044 2874 quod
1060 2775 1494 2852 Dioecesano
1506 2775 1829 2852 Praesuli
1861 2801 2148 2872 operam
2175 2793 2246 2853 et
2277 2783 2744 2855 reverentiam
2772 2783 2982 2856 affer-

860 2917 935 2973 re
974 2900 1236 2987 valeat,
1264 2900 1593 2995 quodque
1624 2911 1900 2994 septem
1957 2913 2230 2973 constet
2261 2897 2639 2974 Canonicis
2672 2903 2738 2975 in
2770 2899 2984 2977 Pres-

857 3017 1227 3112 byteratus
1282 3015 1547 3093 Ordine
1605 3023 2043 3107 constitutiS,
2099 3043 2402 3116 quorum
2458 3024 2640 3096 alter
2697 3023 2986 3097 titulum

860 3159 941 3214 ac
996 3139 1393 3235 dignitatem
1455 3143 1757 3234 primam
1816 3139 2349 3228 Archidiaconi,
2407 3140 2609 3217 Sedis
2666 3140 2982 3239 Aposto-

856 3261 1037 3335 licae
1066 3260 1504 3354 dispositioni
1536 3283 1817 3356 semper
1847 3276 2305 3350 reservatam,
2348 3267 2803 3358 praeseferat3
2833 3267 2980 3342 duo

858 3377 977 3454 alii
1034 3383 1120 3454 de
1174 3383 1403 3456 officio
1458 3385 1948 3477 nuncupandi,
2001 3405 2294 3479 quorum
2351 3407 2535 3460 unus
2590 3363 3031 3464 Poeniten-'

856 3503 1045 3575 tiarii
1122 3521 1247 3573 seu
1302 3496 1753 3593 MagistraliS,
1813 3505 1994 3576 alter
2068 3525 2240 3576 vero
2307 3499 2749 3597 Theologalis
2823 3509 2979 3582 sive

856 3624 1233 3698 doctoralis
1290 3625 1531 3697 munia
1587 3636 1904 3717 peragat,
1947 3625 2164 3698 cetcri
2221 3637 2460 3699 autem
2512 3637 2818 3719 quatuor
2869 3628 2984 3700 di·

856 3749 1111 3820 cantur
1165 3756 1239 3817 et
1294 3746 1437 3817 sint
1492 3745 1579 3818 de
1639 3749 1892 3838 gratia,
1934 3749 2035 3818 uti
2075 3749 2150 3819 in
2187 3746 2342 3830 aliis
2398 3741 2808 3821 Mexicanae
2865 3749 2984 3821 di-

858 3864 1073 3939 tionis
1100 3859 1439 3958 Capitulis
1476 3877 1585 3938 est
1616 3868 1691 3938 in
1722 3887 1915 3940 more
1955 3867 2384 3955 institutum3
2423 3868 2691 3961 ipsique
2729 3891 2981 3942 omnes

855 3998 929 4058 et
1010 3985 1267 4076 singuli
1348 3986 1591 4060 divina
1670 3989 1897 4062 officia
1979 4001 2052 4060 et
2125 3989 2604 4061 ecclesiastica
2678 4011 2978 4064 munera

858 4105 1269 4197 adimplere,
1322 4118 1700 4200 ceteraque
1755 4127 1973 4181 onera
2030 4120 2103 4180 et
2139 4110 2432 4202 quaevis
2469 4110 2634 4193 alia,
2671 4105 2980 4204 Capitu-

854 4226 927 4300 10
979 4236 1049 4296 et
1102 4220 1481 4300 Canonicis
1532 4219 2057 4302 Cathedralium
2111 4229 2570 4304 ecclesiarum
2625 4235 2980 4323 praescri-

854 4355 999 4444 pta,
1055 4345 1277 4444 deque
1335 4367 1525 4423 more
1582 4347 1771 4424 illata
1825 4351 2377 4450 comperiuntur,
2433 4351 2806 4444 diligenter
2866 4355 2982 4426 ri-
