3292 5275
871 470 1022 555 156

881 662 891 672 ’
985 663 1607 867 Dmamuu'
1635 728 1745 869 ‚s.-
1792 660 2355 866 concaua·
2410 673 2854 890 amnon

1631 1346 2097 1472 ··naaotan;
2234 1368 2323 1394 '³

859 1615 1410 1789 Sanctissimus
1446 1705 1790 1784 Dominus
1812 1704 2081 1783 'Noster
2106 1704 2279 1783 Pius
2312 1706 2506 1801 Papa
2544 1704 2647 1779 lx
2680 1730 2805 1801 per
2834 1703 2997 1781 De·-

853 1847 1124 1908 cretum
1161 1830 1420 1905 Sacrae
1452 1828 2055 1922 congregationis·
2087 1824 2619 1914 consistoria-lis
2672 1826 2817 1902 diei
2868 1823 2991 1903 22

853 1950 1013 2027 Iulii
1045 1938 1278 2027 '1872
1329 1954 1560 2047 quoad
1615 1942 1825 2026 'usum
1877 1948 2390 2025 pontificalium
2444 1951 2687 2024 favore
2726 1948 2991 2024 Archi-

855 2076 1274 2170 presbyteri‚
1315 2076 1582 2168 primae
1620 2060 1875 2165 nempe
1918 2072 2297 2163 ‘dignitatis
2348 2068 2655 2166 Capituli
2710 2064 2991 2145 Cathe-

855 2190 1065 2268 dralis
1117 2184 1541 2281 Barclensi's,
1591 2186 1977 2269 declararit
2048 2206 2126 2267 et
2198 2190 2489 2268 indulsit
2562 2194 2989 2269 huiusmodi

854 2315 1213 2412 privilegio
1252 2318 1358 2388 uti
1395 2317 1584 2389 licite
1619 2336 1821 2411 posse
1860 2316 1955 2388 ad
1986 2321 2296 2388 nomam
2326 2312 2987 2389 Protonotariorum

855 2427 1428 2531 Apostolicorum
1445 2430 1651 2509 Urbis
1666 2438 1777 2509 ”dc
1812 2426 2103 2511 numero
2118 2507 2125 2517 ‚
2141 2434 2723 2530 Participantium
2754 2430 2847 2509 'in
2886 2440 2983 2509 iis

857 2568 1122 2630 tantum
1175 2541 1744 2644 circumstantiis}
1802 2548 2181 2654 iniquibus
2243 2542 2991 2652 Archipaesbyter-Ca-

855 2683 1146 2753 nonicus
1181 2675 1463 2752 Missam
1519 2681 1897 2753 solemnem
1957 2679 2371 2772 pontificare
2428 2678 2710 2751 debebit
2763 2697 2987 2770 prae·-

855 2812 1056 2874 sentc
1110 2797 1457 2896 Capitulo.
1513 2798 1691 2876 Cum
1746 2824 1922 2876 vcro
1974 2796 2069 2872 lv
2136 2797 2483 2873 Kalendas
2536 2795 2979 2892 Septembris

854 2924 1172 2996 eiusdem
1227 2925 1388 2996 anni
1445 2925 1806 3016 expeditae
1864 2905 2475 2995 interint=ssitterae
2519 2919 2979 3014 Apostolicae

856 3044 985 3116 sub
1041 3044 1326 3136 plumbo
1381 3065 1559 3138 quae
1624 3044 1971 3136 incipiunt
2028 3037 2473 3140 Apostolicae
2526 3037 2757 3127 Sedis,
2812 3044 2983 3135 qui-

852 3165 1120 3258 busque
1173 3161 1677 3239 Protonotariis
1740 3163 2167 3258 Apostolicis
2232 3165 2319 3237 ad
2382 3162 2606 3238 instar
2670 3165 2979 3254 partici-

851 3287 1166 3381 pantium
1221 3285 1580 3358 restrictus
1618 3296 1692 3357 et
1726 3286 2123 3358 declaratus
2179 3285 2315 3357 fuit
2372 3307 2544 3359 usus
2601 3282 2981 3378 pontifica—

851 3407 1028 3480 lium
1051 3427 1078 3495 ;
1133 3405 1478 3500 simulque
1532 3407 1606 3481 in
1647 3401 1806 3478 Art.
1850 3401 2047 3476 XXII
2086 3406 2491 3478 earumdem
2543 3401 2975 3478 Litterarum

851 3521 1404 3620 Apostolicorum
1440 3540 1875 3602 reservatum
1906 3529 2121 3600 fuerit
2150 3527 2257 3601 ius
2285 3523 2635 3600 Praelatis
2662 3537 2733 3598 et
2754 3521 2979 3601 Prae-

849 3649 1154 3722 latorum
1191 3643 1542 3742 Collegiis‚
1579 3662 1658 3722 ut
1714 3647 1769 3720 si
1826 3647 2285 3741 amplioribus
2338 3649 2473 3720 bac
2530 3649 2597 3718 in
2656 3669 2731 3720 re
2769 3669 2975 3740 prae-

851 3769 1184 3860 rogativis
1239 3789 1312 3840 se
1367 3781 1576 3842 aucta
1615 3767 1829 3842 fuisse
1868 3767 2383 3842 arbitrarentur
2420 3767 2795 3862 peculiaria
2842 3791 2971 3844 sua

851 3889 1010 3962 iura
1073 3891 1148 3960 in
1205 3884 1572 3962 Sacrorum
1625 3885 1919 3964 Rituum
1972 3884 2593 3983 Congregationem
2666 3890 2975 3961 deduce-

852 4018 1038 4094 rent,
1082 4018 1159 4083 ut
1196 4009 1383 4103 quod
1419 4029 1458 4080 c
1494 4003 2009 4084 canonicarum
2048 4010 2496 4084 sanctionum
2534 4008 2971 4103 praescripto

851 4129 1092 4204 visum
1129 4131 1370 4220 fuerit,
1400 4144 1871 4225 opportunum
1912 4133 2374 4220 decernatur3
2408 4125 2809 4224 Capitulum
2837 4125 2973 4204 Ba·

853 4251 1134 4322 rolense
1189 4252 1354 4324 buic
1409 4273 1658 4345 parens
1716 4253 2248 4347 praescriptioni
2303 4252 2385 4326 ad
2442 4247 2817 4324 Sacrorum
2846 4247 2971 4322 Ri-

851 4379 1048 4447 tuum
1085 4367 1713 4468 Congregationem
1752 4369 2100 4450 deducere
2140 4377 2395 4470 sategit
2431 4369 2809 4452 Decretum
2842 4369 2969 4448 Sa-
