3292 5275
777 448 933 530 376

778 588 1065 665 Dect-eti
1121 591 1627 686 interpretandi
1686 616 2006 690 quoque,
2062 595 2499 684 declarandi,
2555 608 2664 679 et,
2721 617 2904 689 qua·-

784 721 985 788 tenus
1039 733 1217 806 opus
1272 715 1513 796 fuerit,
1569 737 1656 788 ea
1711 715 1947 788 omnia
2002 713 2214 788 etiam
2267 715 2661 808 supplendi,
2719 735 2900 810 quae

780 831 869 906 ad
924 842 1152 906 totum
1204 833 1338 907 hoc
1416 837 1780 926 negotium
1815 884 1838 920 ,
1896 834 1983 908 de
2059 855 2199 930 quo
2279 833 2351 906 in
2416 836 2550 907 hoc
2602 830 2901 907 Decreto

780 957 1035 1047 agitur,
1068 955 1223 1027 sive
1268 957 1756 1050 exequendum
1796 956 1944 1029 sive
1981 969 2478 1050 permanenter
2531 954 2904 1028 concilian-

781 1077 949 1150 dum
987 1085 1057 1148 et
1094 1073 1463 1148 definitive
1504 1076 2062 1170 promovendum
2101 1078 2498 1150 necessaria
2539 1075 2653 1150 vel
2696 1077 2902 1150 etiam

780 1207 1171 1291 opportuna
1232 1197 1385 1270 fore
1442 1197 1878 1292 probaverit,
1937 1197 2402 1291 appellatione
2456 1217 2902 1293 quacumque

783 1325 1085 1401 remota‚·
1126 1327 1199 1390 et
1236 1317 1611 1390 contrariis
1667 1317 2229 1412 quibuscumque
2285 1319 2568 1391 minime
2624 1319 2906 1390 obstan·

785 1437 1001 1522 tibus,
1058 1439 1396 1530 peculiari
1479 1437 1806 1532 quamvis
1865 1439 2221 1511 mentione
2286 1438 2568 1529 dignis,
2627 1440 2738 1511 vel
2803 1441 2905 1512 eis

782 1579 1057 1654 quoquc
1113 1559 1204 1632 ad
1257 1559 1391 1632 hoc
1438 1558 1730 1651 speciali
1770 1557 1954 1630 illata
1990 1552 2388 1651 Apostolica
2427 1559 2902 1652 derogatione.

1002 1671 1124 1753 15.
1184 1675 1433 1774 Atque·
1470 1678 1759 1772 insuper
1812 1674 2066 1751 Eidem
2103 1675 2550 1774 Exequutori
2607 1677 2906 1773 Aposto-

784 1801 944 1884 lico‚
980 1793 1454 1894 Eiusdemque
1510 1799 1964 1891 subdelegato
2021 1799 2462 1872 commissum
2510 1801 2729 1873 etiam
2782 1821 2908 1873 vo-

785 1919 948 2005 luit,
1003 1931 1083 1992 ut
1135 1921 1320 1992 infra
1378 1931 1517 1992 tres
1573 1938 1853 1993 menses
1908 1920 1999 1993 ab
2054 1920 2524 2014 exequutione
2591 1933 2905 2014 peracta,

698 2031 705 2036 ’
787 2041 1048 2126 omnia,
1086 2061 1266 2137 quae
1304 2043 1436 2114 hoe
1473 2035 1973 2114 Consistoriali
2011 2035 2313 2114 Deci-eto
2351 2043 2682 2115 mandata
2720 2052 2908 2128 sunt,

788 2175 862 2235 et
915 2183 1154 2236 eorum
1209 2159 1531 2256 insuper,
1584 2181 1769 2257 quae
1825 2162 2202 2235 statuenda
2258 2163 2473 2235 etiam
2527 2163 2766 2236 forsan
2821 2162 2910 2235 ad

791 2285 859 2356 id
918 2296 1177 2367 erunt,
1216 2277 1393 2356 Acta
1451 2282 1535 2356 ad
1590 2277 1662 2354 S.
1705 2281 1889 2355 hanc
1934 2278 2560 2358 Consistorialibus
2617 2284 2911 2378 negotiis

790 2404 1259 2502 praepositam
1314 2399 1948 2496 congregationem
2003 2403 2286 2477 mittere
2351 2415 2717 2495 satagant,
2775 2425 2914 2479 una

791 2547 948 2600 cum
1004 2523 1499 2617 topographiea
1554 2525 1801 2597 charta
1859 2519 2202 2596 Abbatiae
2258 2525 2470 2598 huius
2517 2520 2912 2616 Regulari5‚

792 2646 1147 2721 distinctis
1204 2644 1591 2720 confinibus
1647 2640 2010 2719 Dioecesis
2067 2647 2203 2718 rite
2259 2657 2569 2719 exarata.

1022 2757 1145 2840 16.
1202 2762 1399 2856 Quae
1456 2766 1742 2860 quidem
1826 2765 2056 2840 omnia
2087 2816 2107 2853 ,
2178 2778 2258 2841 ut
2323 2764 2697 2839 firmiorem
2765 2788 2910 2839 sor-

796 2891 1067 2963 tiantur
1121 2886 1471 2972 effectum,
1528 2887 1892 2961 mandavit
1948 2888 2318 2983 voluitque
2372 2888 2587 2961 etiam
2639 2884 2916 2961 Sancti·

796 3023 907 3083 tas
960 3004 1103 3083 Sua
1156 2995 1661 3083 Consistoriale
1717 3008 1850 3081 hoc
1905 3018 2135 3081 totum
2191 3004 2568 3083 Decretum
2594 3050 2605 3061 ·
2631 3008 2916 3101 perinde

800 3133 1035 3207 valere
1076 3152 1159 3205 ac
1196 3132 1257 3203 si
1294 3129 1365 3202 in
1407 3129 1476 3200 id
1516 3121 1815 3204 Litterae
1857 3126 2296 3223 Apostolicae
2335 3132 2490 3203 sive
2527 3130 2657 3202 sub
2697 3130 2921 3222 plum-

796 3254 913 3337 bo,
970 3250 1117 3325 sive
1174 3247 1249 3324 in
1303 3251 1525 3323 forma
1560 3244 1810 3323 Brevis
1846 3250 2148 3323 fuissent
2203 3250 2601 3345 expeditac3
2653 3259 2724 3321 et
2777 3245 2921 3321 cui·-

798 3394 1099 3466 cumque
1154 3390 1480 3464 suprema
1519 3366 1973 3464 Apostolicae
2027 3365 2214 3445 Suae
2271 3370 2715 3445 auctoritatis
2771 3370 2922 3461 ple-

800 3492 1125 3567 nitudine
1180 3492 1445 3564 ademit
1502 3510 1780 3567 omnem
1821 3490 2221 3563 facultatem
2257 3486 2635 3563 Decretum
2691 3489 2922 3582 ipsum

802 3614 1155 3687 contraire
1190 3660 1211 3697 ‚
1266 3612 1383 3685 vel
1441 3632 1881 3710 quocumque
1949 3610 2122 3683 vitio
2179 3610 2328 3685 sive
2401 3608 2614 3684 etiam
2675 3609 2924 3683 subre-

805 3730 1063 3839 ptionis
1116 3745 1191 3805 et
1246 3730 1684 3826 obreptionis
1741 3742 2019 3818 notare,
2059 3729 2191 3804 sub
2247 3752 2468 3824 poena
2523 3729 2928 3822 indignatio-

804 3858 913 3927 nis
969 3849 1487 3947 Omnipotentis
1542 3848 1702 3939 Dei,
1741 3864 1814 3925 et
1877 3848 2301 3925 Sanctorum
2351 3845 2540 3923 Petri
2597 3860 2672 3923 et
2721 3846 2924 3923 Pauli

799 3974 1308 4069 Apostolorum
1340 3968 1521 4048 Eius
1578 3973 2074 4047 incurrendae.

1023 4086 1147 4167 17.
1204 4089 1684 4185 Quamobrem
1721 4093 1854 4169 hoe
1891 4093 2408 4187 suprarelatum
2451 4102 2680 4168 totum
2717 4112 2929 4185 prae·

809 4218 997 4310 cepit
1048 4213 1303 4288 confici
1383 4210 1885 4288 Consistoriale
1969 4208 2346 4287 Decretum
2429 4214 2514 4286 ad
2591 4212 2930 4285 maiorem
