3292 5275
879 510 1031 590 166

874 651 1279 722 collationes
1336 645 1484 743 (vix
1541 649 1819 723 illorum
1873 652 2137 721 erectio
2189 634 2414 722 locum
2469 647 2826 746 habuerit)
2885 652 2991 720 iu·

874 780 991 842 xta
1050 774 1279 841 sac'ros
1343 788 1643 842 canones
1683 780 1754 840 et
1784 766 2341 879 Apostolicarum
2397 770 2988 843 constitutionum

874 901 1310 999 sacrosantae
1367 884 1824 960 Tridentinae
1899 886 2166 982 Synodi
2217 890 2636 982 praescripta
2695 890 2991 981 praevio

872 992 1215 1083 concursu
1300 1007 1574 1103 semper
1634 1009 1995 1081 obeundas
2049 1030 2234 1093 esse,
2297 1011 2511 1081 simili
2593 1006 2991 1144 ‚apostolica

874 1131 1289 1205 auctoritate
1346 1131 1674 1201 volumus
1729 1142 1802 1199 et
1857 1129 2292 1200 mandamus.

1095 1246 1473 1323 Memorato
1526 1250 1814 1342 insuper
1865 1244 2226 1341 Capitulo‚
2263 1252 2381 1322 vix
2437 1251 2653 1323 fuerit
2707 1250 2995 1324 institu-

874 1382 1052 1452 tum,
1093 1370 1678 1464 quemadmodum
1735 1369 2142 1442 incumbere
2181 1370 2435 1443 debent
2491 1392 2699 1443 onera
2739 1382 2813 1441 et
2849 1393 2996 1444 mu-

874 1494 1018 1574 nia,
1050 1511 1230 1585 quae
1258 1490 1414 1563 aliis
1447 1492 1514 1559 in
1546 1486 2378 1582 AequatorianaDitione
2405 1475 2756 1584 Capitulis
2787 1492 2998 1562 adne-

870 1634 950 1684 xa
1010 1611 1457 1704 reperiuntur
1481 1632 1504 1698 ;
1561 1610 1650 1681 ita
1719 1613 1934 1682 etiam
1974 1623 2054 1684 ut
2095 1623 2244 1684 tum
2282 1608 2618 1685 Canonici
2661 1594 2810 1685 tum
2857 1606 2996 1684 Bis-⁸

872 1732 1205 1804 neflciarii
1236 1754 1357 1804 scu
1383 1720 1798 1824 ’Cappellani
1835 1732 1906 1801 in
1947 1732 2350 1805 choralibus
2379 1744 2453 1805 et
2493 1729 2994 1805 ecclesiasticis

872 1851 1343 1926 functionibus
1397 1872 1519 1924 eas
1579 1853 1975 1943 respective
2033 1852 2362 1924 adhihere
2419 1864 2659 1927 vestes
2688 1901 2709 1936 ,
2768 1855 2996 1946 iisque

871 1972 967 2043 uti
1024 1972 1451 2046 indumentis
1506 1983 1579 2042 et
1634 1970 1951 2061 insigniis
2011 1974 2332 2057 valeant,
2387 1994 2518 2045 ceu
2575 1973 2712 2045 alia
2769 1973 2999 2045 finiti-

874 2111 1145 2166 marum
1200 2088 1639 2165 Dioecesium
1717 2088 2041 2184 Capitula
2107 2103 2412 2203 utuntur
2467 2105 2542 2165 et
2602 2092 2997 2166 adhibent:

877 2214 1199 2307 idemque
1238 2225 1319 2286 ut
1355 2213 1684 2286 omnibus
1741 2223 1811 2285 et
1865 2213 2162 2303 singulis
2227 2210 2530 2323 iuribus,
2589 2213 2998 2298 honoribuS,

873 2336 1162 2431 gratiiS,
1219 2335 1581 2408 favoribus
1610 2384 1629 2420 ,
1693 2332 2079 2428 privilegiis
2119 2344 2192 2404 et
2231 2335 2488 2405 ceteris
2535 2334 3003 2426 quibuscum-

872 2476 1037 2549 que,
1093 2455 1351 2549 quibus
1408 2456 1545 2528 alia
1602 2456 1886 2528 illarum
1946 2454 2250 2546 partium
2297 2447 2624 2546 Capitula
2664 2457 3002 2529 fruuntur

876 2588 948 2649 et
1003 2575 1339 2672 gaudent,
1400 2574 1642 2649 itidem
1681 2574 1816 2648 frui
1857 2584 1931 2647 et
1969 2574 2272 2666 gaudere
2331 2573 2575 2669 possit,
2633 2575 3003 2649 dummodo

878 2707 1101 2770 tamen
1158 2697 1271 2769 illa
1335 2717 1417 2769 ex
1480 2675 1825 2789 peculiari
1909 2696 2359 2769 concessione
2426 2698 2544 2768 vel
2630 2679 3002 2789 privilegio

876 2819 1220 2912 acquisita
1248 2839 1391 2892 uon
1430 2819 1724 2900 fuerint,
1759 2817 1910 2912 pari
1944 2812 2349 2910 Apostolica
2390 2818 2810 2889 auctoritate
2839 2839 3008 2890 con-

876 2939 1186 3012 cedimus
1238 2951 1311 3011 et
1366 2939 1825 3030 indulgemus.

1088 3056 1190 3132 Ac
1247 3082 1373 3153 pro
1429 3071 1621 3132 certo
1675 3055 1985 3130 eiusdem
2045 3055 2360 3162 Capituli
2417 3059 2780 3153 regimine,
2839 3081 3008 3132 suo—

876 3202 1165 3275 rumque
1221 3200 1589 3252 munerum
1645 3199 1886 3251 norma
1949 3190 2022 3250 ct
2080 3178 2540 3253 observantia
2578 3178 2835 3265 eidem,
2875 3183 3004 3251 vix

872 3303 1082 3374 fuerit
1144 3302 1637 3381 constitutum,
1694 3299 1938 3372 eadem
1995 3295 2405 3392 Apostolica
2437 3289 2840 3374 auctoritate
2881 3323 3006 3374 ve-

874 3425 1062 3494 niam
1116 3433 1189 3494 et
1242 3420 1645 3495 facultatem
1706 3419 1998 3492 facimus
2065 3431 2140 3492 et
2198 3420 2666 3512 impertimur,
2723 3422 3009 3516 capitu-

873 3541 1048 3615 laria
1087 3541 1233 3615 sibi
1254 3553 1546 3625 statuta,
1590 3539 2065 3613 ordinationes
2115 3549 2187 3612 et
2225 3541 2502 3613 decreta
2557 3539 3006 3626 conficiendi,

877 3665 978 3735 ita
1020 3675 1248 3736 tamen
1304 3674 1380 3733 ut
1434 3684 1475 3733 a
1530 3661 1748 3732 sacris
1803 3659 2199 3732 canonibus
2248 3673 2319 3732 et
2359 3641 2785 3752 Apostolicis
2841 3685 3012 3736 con-

876 3781 1363 3857 stitutionibus
1420 3803 1503 3855 ac
1560 3775 1973 3853 Tridentina
2031 3781 2446 3874 praesertim
2487 3779 2770 3874 Synodo
2807 3785 3016 3856 mini-

878 3922 989 3977 me
1042 3905 1445 4004 discrepent
1472 3925 1498 3991 ;
1552 3903 1675 3974 sed
1731 3903 1872 3974 illis
1941 3902 2228 3996 penitus
2285 3903 2430 3974 sint
2485 3912 3010 3990 consentanea,

877 4045 1195 4119 quaeque
1260 3997 1610 4098 efficacem
1657 4022 1845 4117 legis
1881 4024 2054 4105 vim,
2096 4035 2170 4094 et
2205 4021 2588 4095 sanctionis
2637 4023 2851 4095 robur
2889 4045 3015 4096 ne-

878 4155 1142 4240 queant
1196 4147 1554 4218 ullatenus
1610 4141 2022 4225 vindicare,
2079 4141 2212 4248 nisi
2273 4140 2466 4235 prius
2523 4143 2614 4213 ab
2665 4137 3014 4236 Episcopo

880 4261 1135 4339 Portus
1191 4259 1468 4338 Veteris
1507 4281 1884 4358 perpensa,
1928 4264 2237 4356 eiusque
2285 4257 2710 4336 auctoritate
2749 4265 3016 4337 sancita

880 4387 1145 4463 fuerint
1199 4396 1411 4481 atque
1468 4383 1876 4479 approbata.
