3292 5275
909 499 1072 582 214

1115 635 1332 711 Porro
1398 649 1484 710 ut
1548 646 1805 710 cuncta
1870 657 1913 710 a
1974 631 2217 720 Nobis,
2280 645 2367 710 ut
2428 656 2669 727 supra,
2734 631 3043 727 disposi-

904 773 974 832 ta
1011 760 1168 844 rite,
1213 759 1537 842 feliciter,
1575 779 1655 830 ae
1694 755 2022 828 celeriter
2064 757 2154 828 ad
2192 767 2519 847 optatum
2552 755 2822 828 exitum
2864 775 3037 846 per-

902 881 1248 952 ducantur
1305 875 1651 951 Dilectum
1708 872 1989 950 Filium'
2026 871 2375 948 Nostrum·
2413 873 2747 950 loannem
2810 871 3039 965 lgna·-

904 1000 1076 1073 tium
1131 997 1204 1072 S.
1245 997 1332 1072 R.
1373 997 1458 1072 E.
1519 996 2017 1090 Presbyterum
2072 992 2513 1070 cardinalem
2566 993 2861 1070 Moreno
2898 993 3045 1066 Ar-

905 1122 1422 1216 ehiepiscopum
1487 1116 2111 1202 Vallisoietanum‚
2172 1119 2261 1192 dc
2322 1121 2525 1193 cuius
2588 1119 2973 1210 prudentia
3010 1166 3037 1201 ,

905 1241 1269 1327 doctrina,
1325 1254 1533 1334 atque
1589 1240 1994 1330 integritate
2058 1239 2427 1332 plurimam
2480 1241 2553 1312 in
2594 1234 2901 1310 Domino
2954 1235 3045 1310 fl-

904 1359 1177 1433 duciam
1243 1360 1610 1442 habemuS‚
1685 1361 2159 1452 praesentium
2223 1355 2649 1440 Nostrarum
2710 1353 3021 1430 Littera·

908 1505 1070 1558 rum
1127 1493 1574 1556 executorem
1650 1483 2143 1565 nominamus,
2198 1481 2691 1557 constituimus
2766 1491 2841 1552 et
2900 1479 3039 1550 de-

909 1613 1282 1695 putamus:
1339 1603 1546 1695 eique
1623 1623 1865 1678 onmes
1930 1612 2003 1676 et
2070 1601 2379 1691 singutas
2456 1602 2543 1677 ad
2620 1601 3037 1676 huiusmodi

907 1725 1228 1799 effectum
1291 1724 1725 1798 necessarias
1788 1735 1862 1798 et
1942 1737 2372 1816 opportunas
2424 1723 2875 1798 concedimus
2932 1724 3041 1794 fa·

905 1850 1206 1920 cultates
1241 1892 1266 1925 ‚
1301 1857 1378 1918 ut
1413 1847 1646 1920 omnia
1689 1847 2009 1938 superius
2056 1848 2411 1931 ordinata,
2456 1867 2597 1940 quo
2652 1847 2871 1920 citius
2914 1845 3005 1916 fle

907 1967 968 2039 ri
1043 1969 1313 2060 possit,
1391 1987 1716 2058 peragere
1748 2013 1773 2050 ‚
1828 1979 2041 2060 atque
2108 1977 2423 2042 statuere
2504 1966 2827 2056 delegata
2902 1968 3035 2040 sibi

904 2086 1310 2180 Aponoliea
1363 2091 1781 2162 auctoritate
1838 2087 2049 2160 libere
2108 2111 2187 2162 ac
2248 2091 2443 2162 licite
2498 2089 2725 2180 possit
2782 2099 2859 2161 et
2916 2109 3039 2162 va-

905 2211 1100 2295 leat3
1157 2209 1528 2301 eidemque
1588 2211 1985 2282 facultatem
2044 2211 2309 2302 pariter
2364 2209 2760 2295 tribuimuS,
2812 2223 2899 2282 ut
2952 2212 3037 2282 ad

907 2333 1190 2424 plenam
1243 2349 1482 2402 rerum
1535 2333 1850 2404 omnium
1910 2333 1983 2403 in
2038 2333 2215 2404 locis
2263 2333 2675 2423 praesertim
2727 2333 2823 2404 ab
2878 2335 3043 2406 eius

908 2450 1288 2526 residentta
1367 2452 1659 2536 remotis
1734 2453 2219 2526 executionem
2298 2473 2563 2536 unam,
2620 2453 2737 2522 vel
2798 2453 3041 2543 plures

911 2593 1238 2665 personas
1293 2569 1360 2641 in
1437 2569 1783 2661 dignitate
1854 2575 2329 2648 ecclesiastiea
2386 2574 2806 2647 constitutas
2870 2578 3045 2649 sub-

915 2693 1261 2782 delegare,
1305 2705 1373 2761 ct
1413 2702 1554 2762 tam
1593 2694 1779 2784 ipsc,
1818 2716 2025 2786 quam
2064 2716 2401 2785 personae
2450 2694 2537 2767 ab
2590 2718 2679 2767 eo
2731 2697 2835 2767 sic
2878 2699 3041 2773 sub-

917 2812 1344 2903 delegendae
1385 2835 1598 2907 super
1626 2836 2071 2906 quacumque
2098 2815 2535 2907 oppositione
2574 2816 2641 2887 in
2681 2828 2845 2889 actu
2888 2840 3045 2889 exe-

911 2935 1218 3006 cutionis
1276 2935 1679 3006 huiusmodi
1733 2936 2253 3031 quomodolibet
2309 2938 2603 3010 forsitan
2660 2940 2941 3013 oritura
2978 2964 3049 3013 a-

914 3074 1297 3147 gnoscere,
1355 3074 1442 3127 ac
1497 3052 1859 3130 definitive
1919 3060 2395 3149 pronunciare
2448 3056 2669 3131 libere
2730 3060 2913 3131 item
2968 3084 3083 3135 ae·

913 3177 1110 3260 licite
1163 3178 1436 3267 possint
1491 3198 1574 3249 ac
1611 3180 1921 3251 valeant.
1984 3173 2307 3255 Volumus
2356 3180 2671 3270 insuper,
2712 3192 2799 3255 ut
2836 3204 3051 3273 prae-

909 3298 1210 3382 sentium
1245 3292 1675 3371 Litterarum
1712 3294 2069 3374 Executor
2112 3300 2425 3377 omnium
2468 3310 2545 3371 et
2600 3300 3043 3391 singulorum

907 3429 1226 3493 actorum
1259 3419 1330 3489 in
1367 3420 1681 3509 ipsarum
1716 3416 2141 3493 Litterarum
2178 3422 2609 3499 executione
2644 3422 3047 3497 conficien-

911 3540 1164 3623 dorum
1243 3541 1568 3631 exempla
1651 3540 1727 3613 in
1778 3540 2185 3614 authentica
2266 3540 2490 3613 forma
2570 3556 2871 3617 exarata
2956 3548 3043 3619 ad

907 3658 984 3735 S.
1039 3659 1669 3754 Congrcgationem
1722 3664 1931 3737 rebus
1984 3661 2605 3743 (lonsistorialibus
2671 3670 3047 3758 praeposi-

911 3796 1048 3871 tam
1105 3784 1180 3857 in
1234 3786 1550 3858 ciusdem
1605 3781 2193 3877 congregationis
2257 3784 2587 3857 archiviis
2650 3808 3045 3861 asservan-

907 3908 998 3995 da
1053 3906 1236 3980 iutra
1293 3916 1595 3998 quatuor
1654 3924 1931 3981 menses
1984 3908 2077 3979 ab
2132 3907 2381 3981 harum
2436 3902 2871 3982 Litterarum
2928 3932 3043 3985 re·

909 4030 1269 4121 ceptione,
1325 4028 1384 4101 si
1441 4027 1590 4113 fleri
1655 4028 1901 4118 possit,
1960 4026 2433 4109 transmittere
2488 4039 2839 4103 teneatur.

1124 4144 1317 4224 Haec
1401 4150 1753 4233 volumus,
1812 4150 2220 4235 statuimus,
2278 4149 2767 4242 praecipimus,
2828 4162 3041 4245 atque

909 4270 1359 4356 mandamus»,
1399 4270 1899 4359 decernentes,
1934 4270 2063 4343 has
2120 4282 2527 4366 praesentes
2580 4266 2923 4359 nitens,
2964 4284 3043 4348 et
