3292 5275
875 474 1031 557 304

872 618 962 691 sis
1020 618 1273 691 vitiare
1328 617 1688 696 doctrinis,
1727 625 1798 691 et
1839 636 1960 707 per
1999 613 2450 696 calumniosa,
2491 626 2804 701 versuta,
2857 618 2988 687 im-

873 737 1369 831 pudentissima
1423 748 1808 809 commenta
1859 735 1926 806 in
1975 734 2208 819 fidem,
2251 733 2672 827 religionem,
2729 730 2987 811 Eccle-

870 858 1069 943 siam,
1102 878 1337 929 sacros
1376 857 1581 941 ritus,
1602 876 2004 961 ,eormnque
2033 855 2482 927 administros
2521 876 2600 927 ac
2639 856 2990 931 sanctiora

870 998 1191 1073 quaeque
1240 976 1629 1053 concitare.
1699 972 2032 1050 Nonnulli
2101 997 2270 1051 vero
2323 998 2364 1045 e
2419 976 2648 1049 caecis
2703 975 2854 1049 istis
2917 990 2994 1049 et

870 1098 1155 1193 perditis
1208 1118 1575 1170 caecorum
1615 1096 1942 1181 ducibu3‚
1985 1096 2072 1167 ad
2109 1095 2598 1169 exacerbanda
2631 1099 2808 1169 mala
2843 1092 2994 1171 No·-

872 1230 1039 1303 stra,
1095 1219 1231 1288 huc
1268 1219 1483 1288 etiam
1523 1239 1647 1311 per
1703 1217 1940 1290 diruta
1978 1207 2187 1287 Urbis
2243 1217 2521 1288 moenia
2579 1228 2741 1289 sunt
2779 1218 2992 1292 adve-

872 1338 1010 1426 cti;
1064 1336 1315 1431 quibus
1372 1334 1704 1430 perpauci
1761 1359 1800 1409 e
1857 1332 2216 1409 veteribus
2271 1333 2620 1409 variarum
2691 1330 2994 1431 discipli-

874 1479 1120 1531 narum
1176 1456 1712 1549 professoribus,
1771 1457 2226 1529 abiectissimi
2285 1478 2454 1529 sane
2495 1458 2790 1549 ingenii,
2831 1480 2996 1531 ver·-

872 1582 1151 1672 sipelles
1204 1590 1277 1651 et
1334 1576 1647 1650 cuiusvis
1704 1578 1882 1668 grati
1932 1576 2144 1651 animi
2199 1600 2450 1651 sensus
2503 1592 2826 1671 expertes
2871 1602 2994 1653 ac·-

872 1711 1249 1786 cesserunt‚
1288 1699 1409 1791 qui
1450 1699 1709 1771 retusis
1763 1698 2228 1773 conscientiae
2284 1697 2614 1783 stimulis,
2661 1698 2990 1794 omnique

772 1892 778 1901 ,
874 1819 1273 1913 posthabito
1332 1818 1654 1909 religioso
1710 1812 2066 1913 respectu,
2123 1822 2309 1893 ultro
2367 1841 2442 1892 se
2497 1818 2769 1913 signum
2827 1843 2992 1895 con-

872 1942 1262 2015 stituerunt
1319 1942 1463 2013 irae
1502 1934 1660 2025 Dei,
1718 1939 1832 2014 cui
1871 1941 2391 2015 severissimam
2447 1939 2784 2015 reddituri
2822 1954 2990 2017 sunt

873 2062 1219 2135 rationem
1272 2062 1645 2145 malorum,
1686 2074 1863 2155 quae
1921 2058 2240 2134 fecerunt
2273 2060 2352 2133 in
2390 2056 2790 2133 Ierusalem.
2851 2058 2993 2134 Eo-

873 2201 1030 2255 rum
1094 2192 1329 2255 autem
1394 2181 1700 2255 omnium
1765 2182 2020 2274 impiae
2085 2183 2343 2255 mentis
2407 2182 2990 2278 detestabilisque

874 2303 1229 2375 doctrinae
1269 2304 1619 2394 specimen
1677 2303 1984 2377 habetur
2024 2302 2388 2376 indubium
2428 2306 2500 2375 in
2539 2302 2652 2387 iis,
2690 2324 2866 2397 quas
2903 2304 2990 2377 ad

872 2418 1399 2515 Doellingernm
1464 2424 1836 2503 dederunt,
1892 2418 2144 2495 litteris
2193 2438 2465 2508 errore,
2515 2419 2988 2517 blasphemiis»,

868 2541 1355 2617 incredulitate
1408 2544 1864 2617 metentibus.
1923 2540 2313 2637 Equidem?
2336 2540 2782 2618 Venerabilis
2817 2540 2992 2617 Fra-

872 2679 985 2738 ter
1036 2659 1316 2751 Noster,
1374 2668 1643 2738 zizania
1703 2666 2010 2760 perfecte
2065 2687 2202 2738 non
2261 2676 2718 2740 secernentur
2752 2685 2793 2738 a
2839 2668 2993 2740 fru-

866 2797 1105 2858 mento
1160 2799 1313 2858 anto
1387 2807 1712 2877 magnam
1774 2787 1968 2858 illum
2021 2784 2206 2858 diem
2239 2837 2260 2872 ‚
2319 2789 2390 2858 in
2443 2807 2588 2880 qua
2653 2781 2992 2862 Dominus

872 2917 1145 3000 tempus
1200 2905 1549 3000 accipiens
1604 2907 1910 2978 iustitias
1965 2906 2322 2980 iudicabit.
2377 2901 2638 2980 Verum
2675 2909 2992 3001 expedit,

868 3038 955 3098 ut
1010 3025 1211 3098 eitius
1266 3023 1660 3100 innotescat
1717 3028 2099 3112 universis,
2153 3047 2304 3112 eos,
2357 3027 2480 3120 qui
2529 3027 2808 3100 nomina
2863 3045 2991 3103 sun

868 3147 1187 3220 scelestis
1224 3147 1481 3220 litteris
1518 3147 2064 3240 adscripserunt,
2103 3147 2480 3221 catholicos
2527 3169 2686 3222 esse
2735 3151 2996 3224 desiis-

870 3287 973 3353 se,
1028 3269 1339 3362 adeoque
1388 3267 1714 3340 vitandos
1768 3283 1922 3341 vesse
1979 3285 2022 3338 a
2072 3267 2458 3342 catholicis.
2509 3263 2654 3342 Nos
2701 3271 2992 3364 quidem

866 3401 943 3460 et
998 3407 1127 3481 pro
1194 3387 1279 3460 iis
1328 3410 1643 3474 mamm,
1703 3400 1785 3464 ut
1833 3391 1908 3462 in
1959 3411 2040 3463 se
2099 3391 2364 3464 reversi
2429 3389 2760 3463 recedant
2795 3409 2832 3463 a
2881 3405 2993 3464 te*

870 3509 1227 3582 nebricoea
1266 3507 1645 3584 inferorum
1681 3509 2054 3600 doctrinm
2087 3531 2316 3606 eaque
2353 3509 2770 3584 damnantes
2803 3529 2990 3608 quae

866 3627 1033 3688 sunt
1082 3617 1408 3710 professi,
1468 3619 1688 3690 verbo
1723 3630 1798 3692 et
1834 3621 2158 3714 exemplo
2192 3621 2614 3694 submovere
2673 3621 2992 3695 nitantur

866 3738 1275 3814 scandalum
1326 3760 1369 3810 a
1421 3760 1497 3817 oe
1556 3739 1896 3833 proximis
1963 3741 2332 3816 obiectum.
2411 3737 2696 3814 Interim
2761 3762 2988 3828 vem,

868 3853 1301 3934 Venerabilis
1342 3854 1589 3932 Frater
1624 3855 1908 3946 Noster,
1949 3857 2058 3934 Tu
2093 3857 2452 3935 Parochos
2503 3878 2740 3934 ornnes
2779 3863 2988 3937 istius

868 3973 1279 4073 Metropolis
1330 3981 1521 4054 orbis
1578 3982 1906 4056 catholici
1957 3995 2264 4068 moneto,
2325 4003 2574 4056 corum
2625 4003 2782 4056 esse
2843 3981 2988 4056 offi-

867 4106 995 4187 cii,
1048 4102 1323 4181 nunna
1351 4103 1702 4194 negligere
1753 4104 2190 4178 occasionem
2227 4103 2562 4178 suadendi
2601 4106 2984 4186 iuvenibus

868 4245 1083 4302 curse
1136 4243 1301 4298 suae
1362 4223 1676 4310 creditis.
1730 4245 1874 4300 non
1911 4226 2124 4300 licere
2163 4247 2451 4320 prorsus
2504 4225 2864 4304 auditores
2895 4250 2978 4308 se

872 4345 1015 4424 illis
1068 4349 1435 4444 praehere.
1476 4361 1853 4446 eorumque
1901 4353 2235 4448 excipere
2286 4348 2813 4440 institutionem,
2854 4357 2986 4452 qui
