3292 5275
2247 476 2396 561 143

280 622 395 694 vis
452 617 1195 693 excommnuicationis
1222 666 1245 701 ‚
1316 618 1798 710 suspensionis
1859 626 1934 687 et
1995 614 2344 691 interdicti
2371 666 2408 708 ,‚

278 738 577 833 aliisque
604 739 1099 813 ecclesiasticis
1128 732 1848 821 sententiis‚censuris
1873 744 1950 806 et
1975 738 2238 829 poenis,
2255 750 2398 813 tam

276 881 320 932 a
360 858 538 945 iure,
584 880 799 953 quam
852 859 939 932 ab
995 860 1279 932 homine
1332 860 1585 953 quavis
1638 855 2008 929 occasione
2037 858 2172 931 'vel
2225 880 2402 935 cau-

276 1000 359 1051 sa
386 980 574 1065 latis,
613 978 669 1051 si
706 980 963 1073 quibus
1017 978 1547 1071 quomodolibet
1584 976 1902 1051 innodati
1943 978 2279 1065 existunt,
2310 980 2404 1051 ad

274 1098 611 1173 essectum
665 1102 1141 1192 praesentium
1181 1109 1463 1172 tantum
1526 1102 2093 1193 consequendum
2149 1101 2398 1174 harum

276 1240 563 1313 quoque
609 1222 789 1292 serie
828 1220 1271 1293 absolventes
1311 1231 1385 1293 et
1419 1219 1783 1293 absolutos
1820 1222 1970 1293 fore
1996 1230 2406 1306 censentes,-

274 1340 721 1432 cunctisque‚
748 1360 931 1434 quae
970 1340 1415 1433 inspicienda
1462 1351 1694 1420 erant,
1733 1352 2008 1415 matura
2059 1340 2404 1413 delibera-

277 1458 473 1533 tione
529 1462 923 1553 perpensis,
964 1456 1163 1533 Motu
1202 1456 1501 1553 Proprio
1554 1472 1629 1531 et
1681 1482 1772 1533 cx
1825 1460 2020 1533 certa
2075 1461 2408 1547 seientia,-

276 1580 511 1673 dcque
572 1575 1011 1672 Apostolicae
1063 1575 1441 1653 Potestatis
1490 1579 1922 1672 plenitudine
1969 1576 2408 1658 vicariatum·

276 1696 794 1791 Apostolicum‚
826 1702 947 1793 qui
980 1722 1105 1792 pro
1127 1694 1633 1793 Tamaulipana
1665 1702 1952 1791 regione
1979 1722 2018 1773 a
2045 1697 2264 1776 Nobis
2291 1704 2406 1775 in-

278 1821 581 1894 stitutus
634 1821 885 1905 fuerat,
924 1822 1170 1893 eadem
1206 1818 1613 1913 Apostolica
1669 1819 2112 1896 Auctoritate
2149 1824 2238 1895 ad
2293 1826 2400 1897 in·

278 1942 699 2034 inscriptae
742 1943 1115 2015 erectionis
1186 1940 1507 2015 effectum
1561 1943 1844 2034 penitus
1899 1944 2400 2037 supprimimus

276 2072 357 2135 et
410 2061 910 2153 extinguimus.
968 2060 1163 2136 Illico
1214 2084 1383 2135 vero
1432 2058 1992 2157 Tamnulipanam
2049 2066 2396 2157 regionem

278 2182 505 2275 ipsam
560 2184 635 2254 in
694 2184 1111 2277 peculiarem
1168 2204 1423 2259 novam
1470 2178 1866 2256 Dioecesim
1921 2206 2102 2257 cum·
2137 2188 2399 2258 eisdem

232 2390 237 2393 Ι
278 2322 494 2393 porro
546 2300 913 2391 limitibus,
983 2304 1241 2398 quibus
1316 2314 1527 2375 autea
1581 2304 1900 2378 eiusdem
1957 2300 2398 2399 Apostolicus

277 2415 677 2497 vicariatus
706 2424 1401 2509 cicumscribebatur‚
1432 2424 1674 2496 eadem
1710 2418 2098 2517 Apostolica
2133 2424 2402 2501 Aucto-

278 2543 493 2617 ritate
550 2556 892 2637 perpetuo
958 2546 1417 2630 instituimus,
1474 2540 2028 2640 Paroeciasque,
2085 2568 2264 2641 quae
2321 2552 2396 2620 in

277 2657 652 2738 Mexicanu
710 2663 1229 2740 Archidioecesi
1264 2665 1718 2739 continentur
1753 2678 1826 2738 et
1857 2705 1898 2720 -
1929 2662 2320 2743 Ozuluama
2353 2707 2401 2724 -

274 2821 321 2837 -
376 2779 669 2856 Tantina
704 2823 749 2838 -
784 2781 1069 2858 Pannco
1104 2822 1145 2840 ο·
1180 2781 1511 2880 Tempoal
1544 2825 1583 2840 -
1620 2780 2042 2860 Puehlovcio
2091 2825 2134 2842 -
2193 2783 2403 2862 Tam-

277 2907 437 2998 pico
492 2945 535 2960 -
588 2918 661 2978 et
730 2902 893 2979 Alto
958 2939 1001 2960 ⁴-
1054 2902 1463 3001 Tantoyuca
1506 2942 1549 2960 -
1584 2918 1660 2978 et
1723 2901 2208 2982 Succursalem
2245 2932 2253 2941 ·
2287 2907 2396 2984 lta

276 3021 617 3098 Calatina
678 3025 979 3106 Chontln
1040 3027 1515 3120 appellantur,
1574 3049 1615 3099 a
1661 3023 2188 3122 Metropolitana
2241 3025 2400 3103 Me-

278 3147 574 3231 xicana,
613 3159 686 3220 et
742 3147 827 3220 ab
879 3143 1285 3240 Episcopali
1336 3147 1424 3218 de
1456 3142 1728 3222 Puebla
1763 3143 2216 3224 Dioecesibus
2255 3147 2408 3224 Pa-.

278 3269 577 3344 roeciam
630 3291 809 3363 quae
866 3270 1081 3360 vulgo
1138 3267 1336 3341 audit
1373 3306 1415 3324 -
1453 3262 1555 3339 Dc
1590 3264 1904 3340 Amatlar
1929 3307 1976 3324 -
2008 3264 2116 3342 De
2159 3265 2400 3343 Tami-

274 3393 461 3466 ahua
523 3427 563 3444 ·
626 3412 765 3464 una
818 3410 978 3462 cum
1044 3388 1191 3462 suis
1253 3399 1569 3482 quoquot
1624 3389 1932 3462 existant
1987 3390 2196 3465 rebus
2255 3387 2401 3465 Eo—

273 3508 707 3591 clesiasticis‚
746 3504 1091 3582 oratoriis
1144 3521 1219 3581 et
1251 3505 1401 3580 Piis
1456 3504 1830 3581 Institutis·
1854 3510 2220 3604 utriusque
2275 3532 2396 3585 se·-

275 3653 410 3706 xus
466 3626 752 3715 Incolis,
808 3629 1153 3722 cuiusque
1206 3629 1355 3700 sint
1410 3627 1696 3720 gradus,
1737 3629 2000 3702 ordinis
2035 3643 2108 3703 et
2144 3633 2398 3706 condi·-

276 3752 493 3824 tionis
550 3744 1073 3840 Religiosorum
1137 3745 1465 3823 Fratrum
1516 3745 1928 3833 Coenobiis‚
1983 3745 2400 3824 Monialium

276 3866 627 3944 Claustris
684 3871 1075 3964 ceterisque
1130 3869 1219 3941 de
1246 3887 1465 3942 'more
1502 3870 2124 3945 concomitantibus
2165 3893 2398 3944 acces-

276 3990 479 4061 soriis
506 3986 909 4081 Apostolica
945 3985 1381 4063 Auctoritate
1418 3989 1724 4083 praefata
1777 3992 1995 4078 etiam
2050 4003 2394 4084 perpetuo

278 4108 743 4203 disiungimus
794 4123 867 4182 et
920 4109 1526 4195 dismensprnmm,
1580 4131 1662 4181 ac
1727 4110 1812 4180 ab
1867 4109 2220 4184 ordinaria
2249 4124 2394 4185 tam

279 4223 778 4300 hodiernorum
831 4244 1041 4321 quam
1124 4247 1251 4318 pro
1304 4238 1617 4318 tempore
1670 4227 2118 4303 existentium
2171 4222 2396 4303 Nexi-

281 4346 429 4424 cnni
484 4359 564 4422 et
616 4347 705 4422 de
758 4341 1021 4424 Pucbla
1060 4342 1473 4437 Antistitum
1530 4345 1680 4446 pari
1739 4341 2180 4426 Auctor-itate
2229 4367 2396 4450 pcr-
