3292 5275
846 457 1001 542 310

846 613 919 674 ct
974 619 1269 676 examen
1354 597 1541 691 apud
1626 616 1988 690 supremos
2039 593 2268 687 Regni
2323 591 2624 670 Ordines
2669 619 2966 691 urgere

846 734 917 794 et
971 740 1391 813 promovere
1448 741 1590 791 non
1644 715 1942 802 destitit,
1999 718 2222 790 veluti
2281 717 2368 790 de
2425 739 2496 790 re
2563 721 2748 792 seria
2803 742 2969 811 age-

845 853 1066 916 retur.
1125 835 1277 928 Qua
1338 841 1412 911 in
1468 838 1891 912 discussione
1947 858 2108 910 cum
2191 838 2459 910 veritas
2537 839 2771 912 iudicii
2825 835 2970 914 No-

847 963 972 1034 stri
1028 982 1242 1052 super
1296 961 1577 1032 illarum
1630 959 2038 1030 cautionum
2075 968 2329 1029 natura
2385 967 2456 1029 et
2512 959 2772 1044 indole,
2819 972 2969 1034 tum

848 1079 1085 1154 irritus
1119 1081 1425 1155 hostium
1464 1081 1541 1150 in
1581 1079 1883 1153 velanda
1921 1079 2332 1150 earumdem
2370 1078 2636 1152 malitia
2673 1093 2745 1153 et
2776 1084 2968 1156 frau-

849 1204 934 1273 de
992 1212 1279 1274 conatus
1335 1203 1738 1275 luculenter
1793 1199 2150 1292 apparuit.
2211 1193 2449 1278 Certe,
2507 1195 2966 1278 venerabiles

733 1366 740 1373 ·
846 1317 1161 1404 FratreS‚
1220 1320 1623 1394 incredibile
1679 1329 1814 1403 est,
1875 1329 1980 1394 tot
2034 1303 2308 1392 errores
2361 1320 2744 1395 catholicae
2799 1322 2962 1397 fidei

845 1443 1157 1536 ipsisque
1212 1442 1385 1514 adeo
1441 1442 1611 1512 iuris
1667 1441 2012 1514 naturalis
2052 1439 2517 1514 fundamentis
2572 1445 2800 1534 palam
2857 1467 2968 1516 re-

848 1574 1243 1656 pugnantes
1274 1610 1297 1646 ,
1354 1572 1429 1634 et
1482 1574 1589 1634 tot
1642 1561 2114 1654 blasphemias
2145 1607 2168 1644 ‚
2221 1574 2396 1653 quot
2449 1584 2534 1634 ea
2597 1566 2964 1639 occasione

850 1685 1166 1776 prolatae
1220 1692 1415 1767 sunt,
1474 1681 1766 1775 proferri
1822 1679 2128 1773 potuisse
2167 1683 2242 1754 in
2291 1683 2522 1756 media
2558 1685 2689 1756 hae
2735 1681 2966 1773 Italia,

849 1825 1029 1898 quae
1082 1825 1360 1896 semper
1416 1804 1806 1878 catholicae
1873 1804 2232 1895 religionis
2287 1804 2494 1894 cultu
2542 1815 2616 1876 et
2671 1801 2971 1898 Aposto-

848 1923 979 1998 lica
1033 1920 1333 1998 Romani
1386 1921 1752 1997 Pontificis
1789 1920 1996 1997 Sede.
2024 1925 2464 2018 potissimum
2521 1927 2818 2018 gloriata
2859 1941 2968 2002 est

850 2058 923 2118 et
974 2047 1342 2139 gloriatur.
1399 2043 1495 2118 Et
1550 2066 1832 2129 revera,
1893 2041 2042 2118 Deo
2099 2041 2492 2118 Ecclesiam
2545 2067 2740 2121 suam
2807 2071 2970 2142 pro-

853 2177 1153 2258 tegente,
1208 2167 1491 2240 omnino
1546 2166 1668 2239 alii
1725 2176 1895 2237 sunt
1949 2186 2222 2249 sensus,
2273 2189 2450 2260 quos
2505 2166 2724 2258 reipsa
2779 2170 2968 2242 fovet

848 2288 1049 2379 longe
1105 2288 1399 2360 maxima
1455 2283 1795 2360 Italorum
1852 2307 2044 2378 parS,
2103 2307 2285 2381 quae
2341 2309 2600 2361 novam
2654 2289 2838 2360 hanc
2894 2301 2968 2361 et

849 2407 1237 2482 inauditam
1294 2408 1637 2498 sacrilegii
1721 2409 2010 2479 formam
2067 2401 2449 2480 Nobiscum
2533 2409 2822 2499 ingemit
2886 2432 2966 2482 ac

850 2528 1211 2621 deplorat,
1270 2540 1343 2600 et
1396 2527 1782 2622 insignibus
1837 2549 1918 2600 ac
1975 2526 2048 2599 in
2104 2525 2250 2600 dies
2333 2527 2712 2602 maioribus
2793 2551 2966 2604 suae

851 2645 1129 2737 pietatis
1186 2647 1614 2738 argumentis
1688 2644 2075 2740 officiisque
2149 2641 2290 2718 Nos
2366 2646 2610 2729 docuit
2672 2669 2810 2720 uno
2891 2670 2964 2721 se

848 2788 1002 2840 esse
1074 2768 1329 2861 spiritu
1386 2780 1461 2840 et
1524 2788 1730 2839 sensu
1815 2787 1982 2839 cum
2065 2768 2312 2838 ceteris
2367 2766 2554 2839 orbis
2618 2764 2966 2841 Fidelibus

850 2888 1335 2963 consociatam.

1060 3004 1509 3103 Quapropter
1543 3003 1688 3080 Nos
1727 3010 1978 3079 iterum
2025 3008 2230 3079 bodie
2269 3008 2357 3079 ad
2395 3003 2534 3081 Vos
2573 3030 2787 3081 voces
2823 3006 2968 3081 No-

850 3144 1029 3203 stras
1063 3131 1567 3212 convertimus,
1599 3122 2049 3201 venerabiles
2077 3124 2396 3215 FratreS‚
2425 3139 2500 3199 et
2537 3150 2964 3224 quamquam

850 3246 1129 3323 Fideles
1186 3250 1387 3323 vobis
1445 3250 1802 3323 commissi
1857 3250 2004 3320 sive
2060 3248 2312 3321 litteris
2370 3250 2546 3333 suiS‚
2606 3252 2756 3323 sive
2812 3272 2971 3342 gra-

848 3370 1159 3443 vissimis
1215 3371 1802 3464 protestationum
1841 3368 2274 3441 documentis
2331 3381 2574 3463 aperte
2627 3369 2970 3462 significa-

848 3491 1081 3563 verint
1114 3512 1323 3583 quam
1380 3490 1631 3562 acerbe
1688 3491 1922 3561 ferant
1977 3510 2130 3561 eam
2183 3510 2322 3582 qua
2361 3490 2744 3583 premimur
2799 3512 2969 3563 con-

848 3610 1207 3696 ditionem,
1244 3624 1314 3682 et
1352 3631 1567 3705 quam
1625 3609 1830 3700 longe
1887 3611 2244 3711 absin-tvm
2283 3610 2368 3681 iis
2405 3610 2780 3684 eludantur
2833 3613 2972 3685 fal-

848 3732 1047 3803 laciis
1084 3751 1264 3823 quae
1302 3730 1708 3802 cautionum
1767 3732 2042 3803 nomine
2101 3742 2468 3821 teguntur3
2510 3742 2732 3802 tamen
2773 3726 2971 3823 Apo-

850 3850 1073 3923 stolici
1110 3848 1349 3924 Nostri
1405 3848 1615 3922 officii
1669 3870 1924 3923 munus
1979 3871 2134 3923 esse
2189 3852 2508 3923 ducimus
2546 3862 2626 3923 ut
2661 3872 2785 3943 per
2823 3846 2967 3923 Vos

850 3973 981 4045 toti
1034 3970 1185 4045 orbi
1224 3971 1635 4044 solemniter
1674 3968 2138 4059 declaremus,
2177 3991 2320 4043 non
2357 3971 2561 4043 modo
2613 3992 2734 4044 eas
2781 3994 2968 4067 quae

850 4093 1216 4165 cautiones
1284 4090 1759 4184 appellantur,
1839 4110 2160 4184 quaeque
2215 4087 2546 4164 Gubernii
2604 4086 2966 4185 Subalpini

850 4210 1041 4283 curis
1099 4232 1471 4305 perperam
1533 4230 1748 4284 cusae
1795 4220 1986 4291 sunt,
2029 4212 2183 4298 sed,
2217 4213 2632 4305 quicumque
2689 4213 2968 4284 tandem

854 4330 1019 4414 sint,
1079 4331 1354 4417 titulos,
1408 4332 1734 4415 honores»,
1791 4330 2266 4403 immunitates
2321 4344 2394 4403 et
2469 4332 2842 4425 privilegia
2895 4344 2970 4404 et
