3292 5275
830 462 937 548 36

828 609 971 680 sias
1026 605 1370 681 violenter
1422 612 1641 682 etiam
1695 612 2046 686 invadant
2075 663 2098 696 ‚
2151 623 2224 688 et
2289 629 2689 711 occupent,
2755 623 2942 716 quod

824 722 1435 820 Constantinopoli
1491 732 1818 823 primum,
1866 755 2021 808 mox
2075 737 2243 808 alibi
2276 760 2359 809 ac
2393 740 2464 808 in
2521 741 2670 833 ipsa
2727 742 2940 815 etiam

825 841 1219 920 Ciliciensis
1277 850 1792 939 patriarchatus
1851 849 2058 940 Sede,
2090 876 2265 948 quae
2321 869 2430 930 est
2485 859 2556 930 in
2613 855 2884 935 Libano
2913 912 2935 949 ,

824 967 1085 1038 factum
1160 965 1379 1040 fuisse
1415 1015 1437 1052 ,
1496 969 1982 1046 dolentissime
2059 978 2470 1067 accepimus.
2530 975 2686 1072 Ipse
2763 1003 2939 1056 vero

824 1085 1449 1178 pseudopatriarcha
1483 1136 1506 1173 ‚
1580 1113 1796 1184 quem
1875 1095 2012 1165 sibi
2089 1099 2660 1186 constituerunt,
2737 1096 2938 1174 Iaco-

824 1207 951 1278 bus
1002 1202 1481 1296 Bahatiarian‚
1518 1211 1683 1285 licet
1737 1239 1779 1289 a
1834 1211 2052 1290 Nobis
2113 1219 2525 1309 reprobatus
2589 1232 2664 1293 et
2715 1241 2941 1296 cano-

822 1337 1003 1410 nicis
1085 1339 1399 1409 censuris
1491 1336 1805 1411 irretitus
1887 1361 2014 1432 per
2096 1335 2540 1432 Apostolicas
2628 1340 2934 1418 Litteras

822 1457 964 1530 diei
1020 1453 1119 1529 XI
1154 1457 1387 1533 Martii
1425 1459 1641 1554 elapsi
1710 1464 1872 1532 anni
1931 1451 2067 1560 (1),
2110 1461 2390 1535 minime
2456 1467 2936 1539 reformidavit

820 1577 1261 1674 Episcopalis
1292 1583 1838 1657 consecrationis
1866 1603 2120 1658 munus
2147 1597 2450 1679 quatuor
2475 1587 2938 1658 neoschisma·

820 1701 981 1776 ticis
1038 1704 1466 1798 presbyteris
1522 1707 1860 1798 sacrilege
1901 1707 2243 1790 conferre,
2273 1705 2602 1779 videlicet
2639 1701 2935 1802 losepho

816 1823 1199 1919 Kupelian,
1257 1820 1643 1918 Seraphino
1697 1821 2042 1897 Davidian
2072 1874 2093 1913 ,
2149 1821 2376 1919 Moysi
2432 1822 2926 1918 Amberbojian

820 1971 860 2022 e
918 1945 1188 2021 Veneta
1242 1941 1887 2020 Mechitaristarum
1939 1949 2509 2038 congregatione,
2566 1960 2638 2021 et
2694 1943 2933 2022 Eliseo

824 2063 1198 2142 Teolosian
1290 2091 1383 2140 ex
1472 2063 1840 2140 Monachis
1896 2063 2250 2141 Armeniis
2305 2063 2565 2141 Montis
2630 2063 2930 2156 Libani,

818 2191 941 2284 qui
998 2211 1239 2262 omnes
1292 2211 1479 2262 novo
1536 2190 1892 2261 schismati
1948 2191 2088 2260 iam
2144 2189 2402 2261 addicti
2449 2211 2490 2260 a
2529 2185 2934 2262 Venerabili

818 2307 1068 2383 Fratre
1107 2305 1412 2383 Antonio
1446 2307 1745 2404 losepho
1784 2306 2330 2404 Archiepiscopo
2371 2307 2703 2404 Tyanaeo
2731 2307 2934 2405 Apo-

820 2431 1068 2505 stolico
1098 2435 1173 2503 in
1201 2427 1390 2503 Urbe
1428 2429 2204 2525 Constantinopolitana
2235 2429 2568 2524 Delegato
2625 2431 2931 2506 auctori-

818 2563 960 2627 tate
1004 2548 1259 2627 Nostra
1315 2555 1455 2627 iam
1508 2554 2089 2628 excommunicati
2155 2556 2468 2628 fuerunt.
2517 2547 2932 2647 Nuperrime

818 2690 1051 2781 autem
1106 2700 1148 2750 a
1202 2677 1563 2769 praedicto
1620 2678 2300 2770 'pseudopatriarcha
2366 2678 2746 2769 episcopus
2801 2698 2934 2749 ne·-

816 2798 993 2875 farie‘
1047 2806 1499 2872 consecratus
1556 2808 1668 2870 est
1723 2796 1900 2870 alter
1953 2818 1993 2869 e
2033 2798 2642 2870 neoschismaticis
2679 2791 2934 2869 Arme·

816 2916 951 2995 niis
1003 2918 1436 3015 presbyteris
1490 2915 1785 2991 Ioannes
1822 2912 2195 3011 Kupelian,
2233 2938 2442 3011 quem
2498 2919 2572 2988 in
2611 2912 2928 2989 Civitate

814 3039 1307 3117 Diarhekirien
1347 3060 1471 3112 seu
1502 3033 1805 3111 Amiden
1843 3039 2084 3110 turbas
2115 3041 2475 3110 foventem
2511 3050 2584 3110 et
2621 3040 2925 3112 schisma

816 3164 1237 3237 excitantem
1292 3154 1728 3233 Venerabilis
1783 3154 2031 3230 Frater
2086 3155 2674 3251 Arcbiepiscopus
2739 3156 2930 3233 Mar-

815 3282 1400 3383 tioanopolitanuS,
1442 3278 1887 3374 Apostolicus
1941 3278 2013 3352 in
2069 3274 2595 3371 Mesopotamia,
2634 3281 2928 3376 aliisque

816 3404 1217 3497 regionibus
1250 3397 1645 3502 ‘Delegatus
1712 3401 2133 3474 auctoritate
2187 3396 2442 3473 Nostra
2507 3402 2780 3495 publice
2845 3424 2928 3476 ac

814 3526 1231 3621 'nominatim
1288 3524 2042 3621 excommunicaverat.
2086 3518 2210 3593 Isti
2249 3533 2481 3595 autem
2521 3544 2649 3615 pro
2693 3528 2924 3597 veteri

816 3659 887 3719 et
924 3646 1409 3747 repertissimo
1444 3644 1960 3715 haereticorum
1989 3664 2182 3715 more
2213 3663 2285 3714 se
2315 3643 2682 3715 catholicos
2715 3656 2928 3739 atque

814 3766 972 3838 huic
1028 3762 1469 3857 Apostolicae
1527 3758 1693 3834 Sedi
1750 3765 2240 3836 communione
2297 3764 2598 3836 sociatos
2655 3764 2932 3836 menda·-

811 3886 1091 3958 cissime
1147 3882 1555 3977 praedicare
1610 3902 1752 3954 non
1787 3892 2158 3966 verentur,
2201 3883 2395 3954 falsis
2435 3884 2574 3954 illis
2623 3886 2932 3976 prophe-

810 4004 902 4079 tis
956 4006 1213 4077 merito
1269 4004 1749 4086 accensendi,
1815 4024 1993 4095 quos
2049 3998 2368 4074 Christus
2423 3998 2767 4076 Dominus
2823 4006 2930 4076 ait

811 4124 1061 4199 venire
1117 4124 1189 4197 in
1246 4124 1685 4199 vestimentis
1725 4122 1994 4207 ovium,
2035 4124 2458 4195 intrinsecus
2497 4134 2733 4198 autem
2769 4144 2925 4197 esse

936 4390 1015 4477 (1)
1058 4393 1223 4459 Acta
1262 4392 1363 4459 Pii
1402 4392 1516 4459 lx.
1560 4392 1714 4460 Vol.
1761 4413 1823 4463 v.
1869 4412 2012 4477 pag.
2055 4392 2196 4462 290.
