<?xml version="1.0" encoding="UTF-8"?>
<!DOCTYPE html PUBLIC "-//W3C//DTD XHTML 1.0 Transitional//EN"
    "http://www.w3.org/TR/xhtml1/DTD/xhtml1-transitional.dtd">
<html xmlns="http://www.w3.org/1999/xhtml" xml:lang="en" lang="en">
 <head>
  <title>
</title>
<meta http-equiv="Content-Type" content="text/html;charset=utf-8" />
  <meta name='ocr-system' content='tesseract 3.04.00' />
  <meta name='ocr-capabilities' content='ocr_page ocr_carea ocr_par ocr_line ocrx_word'/>
</head>
<body>
  <div class='ocr_page' id='page_1' title='image "./piiixpontificis01ixgoog_0636.png"; bbox 0 0 3292 5275; ppageno 0'>
   <div class='ocr_carea' id='block_1_1' title="bbox 869 599 3033 4200">
    <p class='ocr_par' dir='ltr' id='par_1_1' title="bbox 888 599 3001 1538">
     <span class='ocr_line' id='line_1_1' title="bbox 892 599 2997 706; baseline 0.002 -25"><span class='ocrx_word' id='word_1_1' title='bbox 892 607 1144 696; x_wconf 56' lang='lat' dir='ltr'><strong>tionem,</strong></span> <span class='ocrx_word' id='word_1_2' title='bbox 1183 629 1306 683; x_wconf 89' lang='lat' dir='ltr'><strong>seu</strong></span> <span class='ocrx_word' id='word_1_3' title='bbox 1333 599 1592 703; x_wconf 74' lang='lat' dir='ltr'><strong>&#39;quoad</strong></span> <span class='ocrx_word' id='word_1_4' title='bbox 1646 601 2227 689; x_wconf 62' lang='lat' dir='ltr'><strong>iurisdictionem</strong></span> <span class='ocrx_word' id='word_1_5' title='bbox 2265 631 2391 684; x_wconf 89' lang='lat' dir='ltr'><strong>seu</strong></span> <span class='ocrx_word' id='word_1_6' title='bbox 2445 613 2677 705; x_wconf 86' lang='lat' dir='ltr'><strong>quoad</strong></span> <span class='ocrx_word' id='word_1_7' title='bbox 2730 621 2997 706; x_wconf 85' lang='lat' dir='ltr'><strong>tempus</strong></span> 
     </span>
     <span class='ocr_line' id='line_1_2' title="bbox 889 726 2997 828; baseline 0.002 -26"><span class='ocrx_word' id='word_1_8' title='bbox 889 731 1208 802; x_wconf 85' lang='lat' dir='ltr'><strong>adiectae</strong></span> <span class='ocrx_word' id='word_1_9' title='bbox 1263 751 1303 800; x_wconf 86' lang='lat' dir='ltr'><strong>a</strong></span> <span class='ocrx_word' id='word_1_10' title='bbox 1342 727 1668 821; x_wconf 87' lang='lat' dir='ltr'><strong>Capitulo</strong></span> <span class='ocrx_word' id='word_1_11' title='bbox 1722 730 2050 801; x_wconf 89' lang='lat' dir='ltr'><strong>electioni</strong></span> <span class='ocrx_word' id='word_1_12' title='bbox 2090 726 2349 802; x_wconf 85' lang='lat' dir='ltr'><strong>Vicarii</strong></span> <span class='ocrx_word' id='word_1_13' title='bbox 2380 728 2838 824; x_wconf 85' lang='lat' dir='ltr'><strong>Capitularis‚</strong></span> <span class='ocrx_word' id='word_1_14' title='bbox 2879 736 2997 828; x_wconf 90' lang='lat' dir='ltr'><strong>qui</strong></span> 
     </span>
     <span class='ocr_line' id='line_1_3' title="bbox 889 849 2997 934; baseline 0.003 -14"><span class='ocrx_word' id='word_1_15' title='bbox 889 849 1178 933; x_wconf 77' lang='lat' dir='ltr'><strong>idcirce,</strong></span> <span class='ocrx_word' id='word_1_16' title='bbox 1221 849 1301 922; x_wconf 86' lang='lat' dir='ltr'><strong>iis</strong></span> <span class='ocrx_word' id='word_1_17' title='bbox 1358 871 1500 921; x_wconf 89' lang='lat' dir='ltr'><strong>non</strong></span> <span class='ocrx_word' id='word_1_18' title='bbox 1557 849 2011 934; x_wconf 86' lang='lat' dir='ltr'><strong>obstantibus,</strong></span> <span class='ocrx_word' id='word_1_19' title='bbox 2050 853 2356 924; x_wconf 84' lang='lat' dir='ltr'><strong>officium</strong></span> <span class='ocrx_word' id='word_1_20' title='bbox 2414 854 2634 925; x_wconf 88' lang='lat' dir='ltr'><strong>semel</strong></span> <span class='ocrx_word' id='word_1_21' title='bbox 2690 855 2827 926; x_wconf 86' lang='lat' dir='ltr'><strong>sibi</strong></span> <span class='ocrx_word' id='word_1_22' title='bbox 2868 858 2997 926; x_wconf 88' lang='lat' dir='ltr'><strong>rite</strong></span> 
     </span>
     <span class='ocr_line' id='line_1_4' title="bbox 891 965 2999 1065; baseline 0.003 -25"><span class='ocrx_word' id='word_1_23' title='bbox 891 969 1208 1042; x_wconf 88' lang='lat' dir='ltr'><strong>collatum</strong></span> <span class='ocrx_word' id='word_1_24' title='bbox 1262 983 1409 1042; x_wconf 93' lang='lat' dir='ltr'><strong>toto</strong></span> <span class='ocrx_word' id='word_1_25' title='bbox 1467 979 1809 1061; x_wconf 86' lang='lat' dir='ltr'><strong>tempore,</strong></span> <span class='ocrx_word' id='word_1_26' title='bbox 1841 991 1980 1063; x_wconf 87' lang='lat' dir='ltr'><strong>quo</strong></span> <span class='ocrx_word' id='word_1_27' title='bbox 2040 967 2239 1042; x_wconf 88' lang='lat' dir='ltr'><strong>Sedis</strong></span> <span class='ocrx_word' id='word_1_28' title='bbox 2298 965 2737 1065; x_wconf 87' lang='lat' dir='ltr'><strong>Episcopalis</strong></span> <span class='ocrx_word' id='word_1_29' title='bbox 2774 995 2999 1048; x_wconf 82' lang='lat' dir='ltr'><strong>vacua</strong></span> 
     </span>
     <span class='ocr_line' id='line_1_5' title="bbox 890 1079 3001 1186; baseline 0.001 -22"><span class='ocrx_word' id='word_1_30' title='bbox 890 1091 1153 1175; x_wconf 81' lang='lat' dir='ltr'><strong>fucrit,</strong></span> <span class='ocrx_word' id='word_1_31' title='bbox 1215 1103 1564 1184; x_wconf 86' lang='lat' dir='ltr'><strong>totamque</strong></span> <span class='ocrx_word' id='word_1_32' title='bbox 1622 1079 2043 1161; x_wconf 77' lang='lat' dir='ltr'><strong>ordinariam</strong></span> <span class='ocrx_word' id='word_1_33' title='bbox 2108 1090 2653 1163; x_wconf 87' lang='lat' dir='ltr'><strong>iurisdictionem</strong></span> <span class='ocrx_word' id='word_1_34' title='bbox 2710 1089 3001 1186; x_wconf 86' lang='lat' dir='ltr'><strong>Episco-</strong></span> 
     </span>
     <span class='ocr_line' id='line_1_6' title="bbox 889 1211 2998 1306; baseline 0.001 -22"><span class='ocrx_word' id='word_1_35' title='bbox 889 1217 1120 1306; x_wconf 88' lang='lat' dir='ltr'><strong>palem</strong></span> <span class='ocrx_word' id='word_1_36' title='bbox 1171 1211 1386 1285; x_wconf 87' lang='lat' dir='ltr'><strong>libere</strong></span> <span class='ocrx_word' id='word_1_37' title='bbox 1441 1221 1512 1284; x_wconf 89' lang='lat' dir='ltr'><strong>et</strong></span> <span class='ocrx_word' id='word_1_38' title='bbox 1569 1211 1797 1284; x_wconf 82' lang='lat' dir='ltr'>valide</span> <span class='ocrx_word' id='word_1_39' title='bbox 1838 1233 2165 1284; x_wconf 82' lang='lat' dir='ltr'><strong>exercere</strong></span> <span class='ocrx_word' id='word_1_40' title='bbox 2205 1225 2471 1305; x_wconf 81' lang='lat' dir='ltr'><strong>perget,</strong></span> <span class='ocrx_word' id='word_1_41' title='bbox 2512 1213 2737 1285; x_wconf 88' lang='lat' dir='ltr'><strong>donec</strong></span> <span class='ocrx_word' id='word_1_42' title='bbox 2777 1235 2998 1286; x_wconf 82' lang='lat' dir='ltr'><strong>novus</strong></span> 
     </span>
     <span class='ocr_line' id='line_1_7' title="bbox 888 1331 2999 1427; baseline -0.002 -19"><span class='ocrx_word' id='word_1_43' title='bbox 888 1331 1276 1427; x_wconf 87' lang='lat' dir='ltr'>Episcopus</span> <span class='ocrx_word' id='word_1_44' title='bbox 1334 1331 1767 1425; x_wconf 86' lang='lat' dir='ltr'><strong>Apostolicas</strong></span> <span class='ocrx_word' id='word_1_45' title='bbox 1822 1333 2201 1406; x_wconf 80' lang='lat' dir='ltr'>canonicae</span> <span class='ocrx_word' id='word_1_46' title='bbox 2286 1353 2455 1404; x_wconf 89' lang='lat' dir='ltr'><strong>suae</strong></span> <span class='ocrx_word' id='word_1_47' title='bbox 2538 1333 2999 1406; x_wconf 86' lang='lat' dir='ltr'><strong>institutionis</strong></span> 
     </span>
     <span class='ocr_line' id='line_1_8' title="bbox 890 1452 2153 1538; baseline -0.003 -11"><span class='ocrx_word' id='word_1_48' title='bbox 890 1452 1220 1538; x_wconf 81' lang='lat' dir='ltr'><strong>LitteraS,</strong></span> <span class='ocrx_word' id='word_1_49' title='bbox 1277 1465 1359 1524; x_wconf 87' lang='lat' dir='ltr'><strong>ut</strong></span> <span class='ocrx_word' id='word_1_50' title='bbox 1415 1453 1738 1537; x_wconf 80' lang='lat' dir='ltr'><strong>diximuS,</strong></span> <span class='ocrx_word' id='word_1_51' title='bbox 1798 1453 2153 1525; x_wconf 83' lang='lat' dir='ltr'><strong>exhibeat.</strong></span> 
     </span>
    </p>

    <p class='ocr_par' dir='ltr' id='par_1_2' title="bbox 869 1571 3033 4200">
     <span class='ocr_line' id='line_1_9' title="bbox 1100 1571 3007 1658; baseline 0.002 -12"><span class='ocrx_word' id='word_1_52' title='bbox 1100 1571 1250 1648; x_wconf 89' lang='lat' dir='ltr'><strong>Hac</strong></span> <span class='ocrx_word' id='word_1_53' title='bbox 1305 1587 1540 1646; x_wconf 88' lang='lat' dir='ltr'><strong>autem</strong></span> <span class='ocrx_word' id='word_1_54' title='bbox 1597 1577 1960 1647; x_wconf 83' lang='lat' dir='ltr'><strong>occasione</strong></span> <span class='ocrx_word' id='word_1_55' title='bbox 2016 1575 2451 1646; x_wconf 82' lang='lat' dir='ltr'><strong>declaramus</strong></span> <span class='ocrx_word' id='word_1_56' title='bbox 2504 1573 2745 1658; x_wconf 89' lang='lat' dir='ltr'><strong>etiam,</strong></span> <span class='ocrx_word' id='word_1_57' title='bbox 2778 1586 2852 1646; x_wconf 91' lang='lat' dir='ltr'><strong>et</strong></span> <span class='ocrx_word' id='word_1_58' title='bbox 2886 1575 3007 1650; x_wconf 83' lang='lat' dir='ltr'><strong>de-</strong></span> 
     </span>
     <span class='ocr_line' id='line_1_10' title="bbox 889 1690 3003 1792; baseline -0 -24"><span class='ocrx_word' id='word_1_59' title='bbox 889 1697 1232 1769; x_wconf 89' lang='lat' dir='ltr'><strong>cernimus</strong></span> <span class='ocrx_word' id='word_1_60' title='bbox 1288 1717 1399 1775; x_wconf 88' lang='lat' dir='ltr'><strong>ea,</strong></span> <span class='ocrx_word' id='word_1_61' title='bbox 1455 1717 1632 1792; x_wconf 90' lang='lat' dir='ltr'><strong>quae</strong></span> <span class='ocrx_word' id='word_1_62' title='bbox 1690 1717 1729 1765; x_wconf 89' lang='lat' dir='ltr'><strong>a</strong></span> <span class='ocrx_word' id='word_1_63' title='bbox 1784 1692 2118 1785; x_wconf 75' lang='lat' dir='ltr'><strong>Gregorio</strong></span> <span class='ocrx_word' id='word_1_64' title='bbox 2172 1691 2237 1764; x_wconf 89' lang='lat' dir='ltr'><strong>X</strong></span> <span class='ocrx_word' id='word_1_65' title='bbox 2292 1690 2679 1766; x_wconf 89' lang='lat' dir='ltr'><strong>Decessore</strong></span> <span class='ocrx_word' id='word_1_66' title='bbox 2748 1691 3003 1768; x_wconf 88' lang='lat' dir='ltr'><strong>Nostro</strong></span> 
     </span>
     <span class='ocr_line' id='line_1_11' title="bbox 888 1807 3001 1906; baseline 0 -18"><span class='ocrx_word' id='word_1_67' title='bbox 888 1817 959 1889; x_wconf 91' lang='lat' dir='ltr'><strong>in</strong></span> <span class='ocrx_word' id='word_1_68' title='bbox 1042 1813 1349 1888; x_wconf 90' lang='lat' dir='ltr'><strong>Concilio</strong></span> <span class='ocrx_word' id='word_1_69' title='bbox 1431 1811 1878 1906; x_wconf 83' lang='lat' dir='ltr'><strong>Lugdunensi</strong></span> <span class='ocrx_word' id='word_1_70' title='bbox 1936 1807 2024 1884; x_wconf 75' lang='lat'><strong>2⁰</strong></span> <span class='ocrx_word' id='word_1_71' title='bbox 2077 1815 2163 1884; x_wconf 87' lang='lat' dir='ltr'><strong>de</strong></span> <span class='ocrx_word' id='word_1_72' title='bbox 2241 1813 2485 1887; x_wconf 88' lang='lat' dir='ltr'><strong>electis</strong></span> <span class='ocrx_word' id='word_1_73' title='bbox 2554 1835 2597 1886; x_wconf 89' lang='lat' dir='ltr'><strong>a</strong></span> <span class='ocrx_word' id='word_1_74' title='bbox 2651 1810 3001 1906; x_wconf 85' lang='lat' dir='ltr'><strong>Capitulis</strong></span> 
     </span>
     <span class='ocr_line' id='line_1_12' title="bbox 889 1925 3003 2034; baseline -0.001 -25"><span class='ocrx_word' id='word_1_75' title='bbox 889 1939 1274 2010; x_wconf 88' lang='lat' dir='ltr'><strong>constituta</strong></span> <span class='ocrx_word' id='word_1_76' title='bbox 1315 1947 1478 2006; x_wconf 89' lang='lat' dir='ltr'><strong>sunt</strong></span> <span class='ocrx_word' id='word_1_77' title='bbox 1519 1925 1629 2034; x_wconf 86' lang='lat' dir='ltr'><strong>(l)</strong></span> <span class='ocrx_word' id='word_1_78' title='bbox 1668 1935 2247 2026; x_wconf 87' lang='lat' dir='ltr'><strong>comprehendere</strong></span> <span class='ocrx_word' id='word_1_79' title='bbox 2304 1935 2514 2006; x_wconf 87' lang='lat' dir='ltr'><strong>etiam</strong></span> <span class='ocrx_word' id='word_1_80' title='bbox 2573 1935 3003 2020; x_wconf 75' lang='lat' dir='ltr'><strong>nominatoS‚</strong></span> 
     </span>
     <span class='ocr_line' id='line_1_13' title="bbox 889 2051 3007 2150; baseline -0.002 -18"><span class='ocrx_word' id='word_1_81' title='bbox 889 2067 961 2132; x_wconf 87' lang='lat' dir='ltr'><strong>et</strong></span> <span class='ocrx_word' id='word_1_82' title='bbox 1019 2067 1493 2150; x_wconf 87' lang='lat' dir='ltr'><strong>praesentatos</strong></span> <span class='ocrx_word' id='word_1_83' title='bbox 1549 2079 1590 2128; x_wconf 93' lang='lat' dir='ltr'><strong>a</strong></span> <span class='ocrx_word' id='word_1_84' title='bbox 1645 2053 2005 2147; x_wconf 88' lang='lat' dir='ltr'><strong>Supremis</strong></span> <span class='ocrx_word' id='word_1_85' title='bbox 2065 2055 2497 2148; x_wconf 88' lang='lat' dir='ltr'><strong>publicarum</strong></span> <span class='ocrx_word' id='word_1_86' title='bbox 2553 2076 2791 2127; x_wconf 88' lang='lat' dir='ltr'><strong>rerum</strong></span> <span class='ocrx_word' id='word_1_87' title='bbox 2848 2051 3007 2128; x_wconf 80' lang='lat' dir='ltr'><strong>Mo-</strong></span> 
     </span>
     <span class='ocr_line' id='line_1_14' title="bbox 893 2170 3003 2269; baseline -0 -20"><span class='ocrx_word' id='word_1_88' title='bbox 893 2177 1351 2262; x_wconf 83' lang='lat' dir='ltr'><strong>deratoribuS‚</strong></span> <span class='ocrx_word' id='word_1_89' title='bbox 1412 2179 1563 2249; x_wconf 88' lang='lat' dir='ltr'><strong>sive</strong></span> <span class='ocrx_word' id='word_1_90' title='bbox 1621 2173 2084 2267; x_wconf 83' lang='lat' dir='ltr'><strong>Imperatores</strong></span> <span class='ocrx_word' id='word_1_91' title='bbox 2140 2177 2307 2259; x_wconf 88' lang='lat' dir='ltr'><strong>sint,</strong></span> <span class='ocrx_word' id='word_1_92' title='bbox 2352 2177 2500 2246; x_wconf 84' lang='lat' dir='ltr'><strong>sive</strong></span> <span class='ocrx_word' id='word_1_93' title='bbox 2556 2170 2808 2269; x_wconf 81' lang='lat' dir='ltr'><strong>RegeS,</strong></span> <span class='ocrx_word' id='word_1_94' title='bbox 2850 2179 3003 2248; x_wconf 81' lang='lat' dir='ltr'><strong>sive</strong></span> 
     </span>
     <span class='ocr_line' id='line_1_15' title="bbox 891 2295 3011 2390; baseline -0 -19"><span class='ocrx_word' id='word_1_95' title='bbox 891 2295 1156 2382; x_wconf 83' lang='lat' dir='ltr'><strong>Duces,</strong></span> <span class='ocrx_word' id='word_1_96' title='bbox 1190 2301 1306 2370; x_wconf 89' lang='lat' dir='ltr'><strong>vel</strong></span> <span class='ocrx_word' id='word_1_97' title='bbox 1337 2297 1732 2380; x_wconf 80' lang='lat' dir='ltr'><strong>Praesich,</strong></span> <span class='ocrx_word' id='word_1_98' title='bbox 1774 2307 1846 2367; x_wconf 91' lang='lat' dir='ltr'><strong>et</strong></span> <span class='ocrx_word' id='word_1_99' title='bbox 1883 2296 2537 2390; x_wconf 90' lang='lat' dir='ltr'><strong>quomodocumque</strong></span> <span class='ocrx_word' id='word_1_100' title='bbox 2590 2315 3011 2389; x_wconf 88' lang='lat' dir='ltr'><strong>nuncupen-</strong></span> 
     </span>
     <span class='ocr_line' id='line_1_16' title="bbox 893 2415 3007 2512; baseline -0.001 -21"><span class='ocrx_word' id='word_1_101' title='bbox 893 2430 1037 2501; x_wconf 85' lang='lat' dir='ltr'><strong>tur,</strong></span> <span class='ocrx_word' id='word_1_102' title='bbox 1073 2423 1194 2512; x_wconf 91' lang='lat' dir='ltr'><strong>qui</strong></span> <span class='ocrx_word' id='word_1_103' title='bbox 1250 2441 1338 2491; x_wconf 86' lang='lat' dir='ltr'><strong>ex</strong></span> <span class='ocrx_word' id='word_1_104' title='bbox 1393 2416 1466 2490; x_wconf 90' lang='lat' dir='ltr'><strong>S.</strong></span> <span class='ocrx_word' id='word_1_105' title='bbox 1509 2415 1711 2490; x_wconf 88' lang='lat' dir='ltr'><strong>Sedis</strong></span> <span class='ocrx_word' id='word_1_106' title='bbox 1750 2418 2223 2502; x_wconf 84' lang='lat' dir='ltr'><strong>concessione,</strong></span> <span class='ocrx_word' id='word_1_107' title='bbox 2264 2437 2393 2490; x_wconf 87' lang='lat' dir='ltr'><strong>seu</strong></span> <span class='ocrx_word' id='word_1_108' title='bbox 2432 2416 2811 2509; x_wconf 82' lang='lat' dir='ltr'><strong>privilegio</strong></span> <span class='ocrx_word' id='word_1_109' title='bbox 2852 2421 3007 2490; x_wconf 85' lang='lat' dir='ltr'><strong>iure</strong></span> 
     </span>
     <span class='ocr_line' id='line_1_17' title="bbox 893 2533 3015 2632; baseline -0.001 -21"><span class='ocrx_word' id='word_1_110' title='bbox 893 2542 1200 2632; x_wconf 81' lang='lat' dir='ltr'><strong>gaudent</strong></span> <span class='ocrx_word' id='word_1_111' title='bbox 1257 2539 1681 2624; x_wconf 88' lang='lat' dir='ltr'><strong>nominandi,</strong></span> <span class='ocrx_word' id='word_1_112' title='bbox 1736 2548 1807 2610; x_wconf 89' lang='lat' dir='ltr'><strong>et</strong></span> <span class='ocrx_word' id='word_1_113' title='bbox 1864 2537 2353 2629; x_wconf 88' lang='lat' dir='ltr'><strong>praesentandi</strong></span> <span class='ocrx_word' id='word_1_114' title='bbox 2412 2537 2499 2609; x_wconf 87' lang='lat' dir='ltr'><strong>ad</strong></span> <span class='ocrx_word' id='word_1_115' title='bbox 2555 2533 2769 2608; x_wconf 88' lang='lat' dir='ltr'><strong>Sedes</strong></span> <span class='ocrx_word' id='word_1_116' title='bbox 2836 2533 3015 2628; x_wconf 88' lang='lat' dir='ltr'><strong>Epi-</strong></span> 
     </span>
     <span class='ocr_line' id='line_1_18' title="bbox 896 2658 3014 2754; baseline -0.001 -21"><span class='ocrx_word' id='word_1_117' title='bbox 896 2664 1211 2754; x_wconf 88' lang='lat' dir='ltr'><strong>scopales</strong></span> <span class='ocrx_word' id='word_1_118' title='bbox 1250 2660 1315 2732; x_wconf 91' lang='lat' dir='ltr'><strong>in</strong></span> <span class='ocrx_word' id='word_1_119' title='bbox 1373 2664 1516 2733; x_wconf 91' lang='lat' dir='ltr'><strong>suis</strong></span> <span class='ocrx_word' id='word_1_120' title='bbox 1555 2661 1965 2752; x_wconf 82' lang='lat' dir='ltr'><strong>respectivis</strong></span> <span class='ocrx_word' id='word_1_121' title='bbox 2004 2658 2384 2730; x_wconf 88' lang='lat' dir='ltr'><strong>ditionibus</strong></span> <span class='ocrx_word' id='word_1_122' title='bbox 2422 2671 2805 2745; x_wconf 88' lang='lat' dir='ltr'><strong>vacantes;</strong></span> <span class='ocrx_word' id='word_1_123' title='bbox 2842 2658 3014 2731; x_wconf 90' lang='lat' dir='ltr'><strong>abo-</strong></span> 
     </span>
     <span class='ocr_line' id='line_1_19' title="bbox 893 2778 3013 2872; baseline -0.003 -17"><span class='ocrx_word' id='word_1_124' title='bbox 893 2785 1120 2855; x_wconf 82' lang='lat' dir='ltr'><strong>lentes</strong></span> <span class='ocrx_word' id='word_1_125' title='bbox 1152 2784 1436 2868; x_wconf 82' lang='lat' dir='ltr'><strong>idcirco,</strong></span> <span class='ocrx_word' id='word_1_126' title='bbox 1468 2794 1843 2863; x_wconf 77' lang='lat' dir='ltr'><strong>cassanteS,</strong></span> <span class='ocrx_word' id='word_1_127' title='bbox 1869 2792 1940 2851; x_wconf 88' lang='lat' dir='ltr'><strong>et</strong></span> <span class='ocrx_word' id='word_1_128' title='bbox 1968 2780 2246 2872; x_wconf 89' lang='lat' dir='ltr'><strong>penitus</strong></span> <span class='ocrx_word' id='word_1_129' title='bbox 2285 2778 2735 2849; x_wconf 86' lang='lat' dir='ltr'><strong>annullantes</strong></span> <span class='ocrx_word' id='word_1_130' title='bbox 2774 2798 3013 2861; x_wconf 89' lang='lat' dir='ltr'><strong>usum,</strong></span> 
     </span>
     <span class='ocr_line' id='line_1_20' title="bbox 895 2900 3017 2996; baseline -0.003 -21"><span class='ocrx_word' id='word_1_131' title='bbox 895 2926 1021 2975; x_wconf 89' lang='lat' dir='ltr'><strong>seu</strong></span> <span class='ocrx_word' id='word_1_132' title='bbox 1077 2904 1304 2996; x_wconf 89' lang='lat' dir='ltr'><strong>potius</strong></span> <span class='ocrx_word' id='word_1_133' title='bbox 1362 2904 1655 2974; x_wconf 85' lang='lat' dir='ltr'><strong>abusum</strong></span> <span class='ocrx_word' id='word_1_134' title='bbox 1712 2902 1839 2974; x_wconf 90' lang='lat' dir='ltr'><strong>sub</strong></span> <span class='ocrx_word' id='word_1_135' title='bbox 1897 2902 2146 2995; x_wconf 83' lang='lat' dir='ltr'><strong>quovis</strong></span> <span class='ocrx_word' id='word_1_136' title='bbox 2203 2901 2440 2985; x_wconf 85' lang='lat' dir='ltr'><strong>titulo,</strong></span> <span class='ocrx_word' id='word_1_137' title='bbox 2479 2900 2596 2969; x_wconf 82' lang='lat' dir='ltr'><strong>vel</strong></span> <span class='ocrx_word' id='word_1_138' title='bbox 2634 2906 3017 2990; x_wconf 87' lang='lat' dir='ltr'><strong>praetenso</strong></span> 
     </span>
     <span class='ocr_line' id='line_1_21' title="bbox 892 3010 3023 3115; baseline -0.004 -20"><span class='ocrx_word' id='word_1_139' title='bbox 892 3034 964 3095; x_wconf 90' lang='lat' dir='ltr'><strong>ct</strong></span> <span class='ocrx_word' id='word_1_140' title='bbox 1020 3035 1286 3095; x_wconf 83' lang='lat' dir='ltr'><strong>asserto</strong></span> <span class='ocrx_word' id='word_1_141' title='bbox 1345 3023 1741 3115; x_wconf 81' lang='lat' dir='ltr'><strong>privilegio,</strong></span> <span class='ocrx_word' id='word_1_142' title='bbox 1802 3023 2123 3115; x_wconf 88' lang='lat' dir='ltr'><strong>quaesito</strong></span> <span class='ocrx_word' id='word_1_143' title='bbox 2183 3023 2440 3101; x_wconf 89' lang='lat' dir='ltr'><strong>colore,</strong></span> <span class='ocrx_word' id='word_1_144' title='bbox 2508 3028 2581 3090; x_wconf 89' lang='lat' dir='ltr'><strong>et</strong></span> <span class='ocrx_word' id='word_1_145' title='bbox 2662 3010 3023 3111; x_wconf 80' lang='lat' dir='ltr'><strong>quacum&#39;-</strong></span> 
     </span>
     <span class='ocr_line' id='line_1_22' title="bbox 893 3138 3021 3239; baseline -0.003 -24"><span class='ocrx_word' id='word_1_146' title='bbox 893 3166 1029 3239; x_wconf 90' lang='lat' dir='ltr'><strong>que</strong></span> <span class='ocrx_word' id='word_1_147' title='bbox 1067 3164 1298 3230; x_wconf 88' lang='lat' dir='ltr'><strong>causa,</strong></span> <span class='ocrx_word' id='word_1_148' title='bbox 1325 3142 1488 3215; x_wconf 89' lang='lat' dir='ltr'><strong>licet</strong></span> <span class='ocrx_word' id='word_1_149' title='bbox 1526 3143 1811 3235; x_wconf 86' lang='lat' dir='ltr'><strong>speciali</strong></span> <span class='ocrx_word' id='word_1_150' title='bbox 1867 3155 1937 3214; x_wconf 90' lang='lat' dir='ltr'><strong>et</strong></span> <span class='ocrx_word' id='word_1_151' title='bbox 1993 3163 2317 3235; x_wconf 86' lang='lat' dir='ltr'><strong>expressa</strong></span> <span class='ocrx_word' id='word_1_152' title='bbox 2372 3139 2729 3211; x_wconf 88' lang='lat' dir='ltr'><strong>mentione</strong></span> <span class='ocrx_word' id='word_1_153' title='bbox 2768 3138 3021 3228; x_wconf 85' lang='lat' dir='ltr'><strong>digna,</strong></span> 
     </span>
     <span class='ocr_line' id='line_1_23' title="bbox 893 3259 3027 3356; baseline -0.002 -21"><span class='ocrx_word' id='word_1_154' title='bbox 893 3264 964 3335; x_wconf 92' lang='lat' dir='ltr'><strong>in</strong></span> <span class='ocrx_word' id='word_1_155' title='bbox 1003 3264 1417 3356; x_wconf 86' lang='lat' dir='ltr'><strong>quibusdam</strong></span> <span class='ocrx_word' id='word_1_156' title='bbox 1459 3259 1711 3355; x_wconf 83' lang='lat' dir='ltr'><strong>Regnis</strong></span> <span class='ocrx_word' id='word_1_157' title='bbox 1768 3285 1891 3335; x_wconf 92' lang='lat' dir='ltr'><strong>seu</strong></span> <span class='ocrx_word' id='word_1_158' title='bbox 1945 3262 2342 3353; x_wconf 85' lang='lat' dir='ltr'><strong>regionibus</strong></span> <span class='ocrx_word' id='word_1_159' title='bbox 2397 3260 2821 3352; x_wconf 87' lang='lat' dir='ltr'><strong>praesertim</strong></span> <span class='ocrx_word' id='word_1_160' title='bbox 2862 3260 3027 3331; x_wconf 87' lang='lat' dir='ltr'><strong>lon-</strong></span> 
     </span>
     <span class='ocr_line' id='line_1_24' title="bbox 896 3359 3025 3477; baseline -0.001 -22"><span class='ocrx_word' id='word_1_161' title='bbox 896 3359 1171 3477; x_wconf 73' lang='lat' dir='ltr'><strong>ginquis</strong></span> <span class='ocrx_word' id='word_1_162' title='bbox 1232 3383 1615 3467; x_wconf 88' lang='lat' dir='ltr'><strong>invectum,</strong></span> <span class='ocrx_word' id='word_1_163' title='bbox 1674 3404 1811 3477; x_wconf 88' lang='lat' dir='ltr'><strong>quo</strong></span> <span class='ocrx_word' id='word_1_164' title='bbox 1867 3380 2266 3474; x_wconf 85' lang='lat' dir='ltr'><strong>Capitulum</strong></span> <span class='ocrx_word' id='word_1_165' title='bbox 2322 3376 2685 3453; x_wconf 83' lang='lat' dir='ltr'><strong>Ecclesiae</strong></span> <span class='ocrx_word' id='word_1_166' title='bbox 2740 3374 3025 3453; x_wconf 88' lang='lat' dir='ltr'><strong>Cathe-</strong></span> 
     </span>
     <span class='ocr_line' id='line_1_25' title="bbox 895 3498 3025 3597; baseline -0.003 -20"><span class='ocrx_word' id='word_1_167' title='bbox 895 3506 1109 3577; x_wconf 86' lang='lat' dir='ltr'><strong>dralis</strong></span> <span class='ocrx_word' id='word_1_168' title='bbox 1165 3507 1485 3577; x_wconf 81' lang='lat' dir='ltr'><strong>vacantis</strong></span> <span class='ocrx_word' id='word_1_169' title='bbox 1542 3503 1933 3597; x_wconf 89' lang='lat' dir='ltr'><strong>obsequens</strong></span> <span class='ocrx_word' id='word_1_170' title='bbox 1992 3498 2386 3575; x_wconf 79' lang='lat' dir='ltr'><strong>invitationi</strong></span> <span class='ocrx_word' id='word_1_171' title='bbox 2440 3522 2567 3573; x_wconf 90' lang='lat' dir='ltr'><strong>seu</strong></span> <span class='ocrx_word' id='word_1_172' title='bbox 2626 3500 3025 3585; x_wconf 85' lang='lat' dir='ltr'><strong>mandato,</strong></span> 
     </span>
     <span class='ocr_line' id='line_1_26' title="bbox 869 3622 3025 3716; baseline -0.001 -19"><span class='ocrx_word' id='word_1_173' title='bbox 869 3622 1064 3699; x_wconf 76' lang='lat' dir='ltr'><strong>&#39;licet</strong></span> <span class='ocrx_word' id='word_1_174' title='bbox 1117 3626 1349 3698; x_wconf 82' lang='lat' dir='ltr'><strong>verbis</strong></span> <span class='ocrx_word' id='word_1_175' title='bbox 1405 3626 1896 3716; x_wconf 81' lang='lat' dir='ltr'><strong>deprecatoriis</strong></span> <span class='ocrx_word' id='word_1_176' title='bbox 1952 3636 2309 3716; x_wconf 87' lang='lat' dir='ltr'><strong>concepto,</strong></span> <span class='ocrx_word' id='word_1_177' title='bbox 2360 3642 2725 3713; x_wconf 88' lang='lat' dir='ltr'><strong>supremae</strong></span> <span class='ocrx_word' id='word_1_178' title='bbox 2784 3622 3025 3694; x_wconf 85' lang='lat' dir='ltr'><strong>civilis</strong></span> 
     </span>
     <span class='ocr_line' id='line_1_27' title="bbox 899 3745 3027 3839; baseline -0.002 -20"><span class='ocrx_word' id='word_1_179' title='bbox 899 3746 1262 3839; x_wconf 87' lang='lat' dir='ltr'><strong>potestatis</strong></span> <span class='ocrx_word' id='word_1_180' title='bbox 1319 3747 1726 3829; x_wconf 86' lang='lat' dir='ltr'><strong>concedere,</strong></span> <span class='ocrx_word' id='word_1_181' title='bbox 1766 3757 1839 3817; x_wconf 90' lang='lat' dir='ltr'><strong>et</strong></span> <span class='ocrx_word' id='word_1_182' title='bbox 1895 3748 2274 3817; x_wconf 78' lang='lat' dir='ltr'><strong>transferre</strong></span> <span class='ocrx_word' id='word_1_183' title='bbox 2337 3746 2753 3838; x_wconf 89' lang='lat' dir='ltr'><strong>praesumit,</strong></span> <span class='ocrx_word' id='word_1_184' title='bbox 2795 3766 2880 3817; x_wconf 89' lang='lat' dir='ltr'><strong>ac</strong></span> <span class='ocrx_word' id='word_1_185' title='bbox 2936 3745 3027 3815; x_wconf 87' lang='lat' dir='ltr'><strong>de</strong></span> 
     </span>
     <span class='ocr_line' id='line_1_28' title="bbox 897 3868 3031 3957; baseline -0.002 -18"><span class='ocrx_word' id='word_1_186' title='bbox 897 3868 1072 3940; x_wconf 80' lang='lat' dir='ltr'><strong>facto</strong></span> <span class='ocrx_word' id='word_1_187' title='bbox 1126 3868 1440 3939; x_wconf 86' lang='lat' dir='ltr'><strong>concedit</strong></span> <span class='ocrx_word' id='word_1_188' title='bbox 1495 3878 1566 3938; x_wconf 90' lang='lat' dir='ltr'><strong>et</strong></span> <span class='ocrx_word' id='word_1_189' title='bbox 1625 3868 1953 3938; x_wconf 84' lang='lat' dir='ltr'><strong>transfert</strong></span> <span class='ocrx_word' id='word_1_190' title='bbox 1991 3868 2065 3937; x_wconf 89' lang='lat' dir='ltr'><strong>in</strong></span> <span class='ocrx_word' id='word_1_191' title='bbox 2102 3868 2539 3938; x_wconf 87' lang='lat' dir='ltr'><strong>nominatum</strong></span> <span class='ocrx_word' id='word_1_192' title='bbox 2576 3876 2649 3937; x_wconf 89' lang='lat' dir='ltr'><strong>et</strong></span> <span class='ocrx_word' id='word_1_193' title='bbox 2687 3885 3031 3957; x_wconf 86' lang='lat' dir='ltr'><strong>praesen-</strong></span> 
     </span>
     <span class='ocr_line' id='line_1_29' title="bbox 899 3983 3027 4078; baseline -0.002 -20"><span class='ocrx_word' id='word_1_194' title='bbox 899 3999 1118 4059; x_wconf 85' lang='lat' dir='ltr'><strong>tatum</strong></span> <span class='ocrx_word' id='word_1_195' title='bbox 1172 3988 1255 4058; x_wconf 88' lang='lat' dir='ltr'><strong>ad</strong></span> <span class='ocrx_word' id='word_1_196' title='bbox 1311 3988 1618 4058; x_wconf 89' lang='lat' dir='ltr'><strong>eamdem</strong></span> <span class='ocrx_word' id='word_1_197' title='bbox 1673 3983 2061 4057; x_wconf 89' lang='lat' dir='ltr'><strong>Ecclesiam</strong></span> <span class='ocrx_word' id='word_1_198' title='bbox 2119 3985 2305 4059; x_wconf 88' lang='lat' dir='ltr'><strong>illius</strong></span> <span class='ocrx_word' id='word_1_199' title='bbox 2380 4004 2617 4058; x_wconf 85' lang='lat' dir='ltr'><strong>curam</strong></span> <span class='ocrx_word' id='word_1_200' title='bbox 2697 3984 3027 4078; x_wconf 79' lang='lat' dir='ltr'><strong>regimen</strong></span> 
     </span>
     <span class='ocr_line' id='line_1_30' title="bbox 898 4108 3033 4200; baseline -0.001 -20"><span class='ocrx_word' id='word_1_201' title='bbox 898 4120 970 4181; x_wconf 91' lang='lat' dir='ltr'><strong>et</strong></span> <span class='ocrx_word' id='word_1_202' title='bbox 1019 4108 1724 4189; x_wconf 89' lang='lat' dir='ltr'><strong>administrationem,</strong></span> <span class='ocrx_word' id='word_1_203' title='bbox 1758 4126 2053 4200; x_wconf 85' lang='lat' dir='ltr'><strong>eamque</strong></span> <span class='ocrx_word' id='word_1_204' title='bbox 2092 4108 2493 4180; x_wconf 85' lang='lat' dir='ltr'><strong>nominatus</strong></span> <span class='ocrx_word' id='word_1_205' title='bbox 2549 4117 2621 4179; x_wconf 91' lang='lat' dir='ltr'><strong>et</strong></span> <span class='ocrx_word' id='word_1_206' title='bbox 2673 4126 3033 4197; x_wconf 86' lang='lat' dir='ltr'><strong>praesen-</strong></span> 
     </span>
    </p>
   </div>
   <div class='ocr_carea' id='block_1_2' title="bbox 1019 4362 2379 4451">
    <p class='ocr_par' dir='ltr' id='par_1_3' title="bbox 1019 4362 2379 4451">
     <span class='ocr_line' id='line_1_31' title="bbox 1019 4362 2379 4451; baseline -0.003 -20"><span class='ocrx_word' id='word_1_207' title='bbox 1019 4364 1100 4451; x_wconf 88' lang='grc'><strong>(1)</strong></span> <span class='ocrx_word' id='word_1_208' title='bbox 1143 4364 1299 4451; x_wconf 89' lang='lat' dir='ltr'><strong>Cap.</strong></span> <span class='ocrx_word' id='word_1_209' title='bbox 1346 4364 1675 4434; x_wconf 74' lang='lat' dir='ltr'><strong>Avaritiae</strong></span> <span class='ocrx_word' id='word_1_210' title='bbox 1717 4366 1797 4432; x_wconf 88' lang='lat' dir='ltr'><strong>de</strong></span> <span class='ocrx_word' id='word_1_211' title='bbox 1838 4364 2171 4433; x_wconf 88' lang='lat' dir='ltr'><strong>Electione</strong></span> <span class='ocrx_word' id='word_1_212' title='bbox 2212 4366 2277 4430; x_wconf 89' lang='lat' dir='ltr'><strong>in</strong></span> <span class='ocrx_word' id='word_1_213' title='bbox 2314 4362 2379 4432; x_wconf 86' lang='grc'><strong>6.</strong></span> 
     </span>
    </p>
   </div>
   <div class='ocr_carea' id='block_1_3' title="bbox 3229 611 3235 2819">
    <p class='ocr_par' dir='ltr' id='par_1_4' title="bbox 3229 611 3235 2819">
     <span class='ocr_line' id='line_1_32' title="bbox 3229 611 3235 2819; baseline 0 0"><span class='ocrx_word' id='word_1_214' title='bbox 3229 611 3235 2819; x_wconf 95' lang='lat' dir='ltr'><strong> </strong></span> 
     </span>
    </p>
   </div>
   <div class='ocr_carea' id='block_1_4' title="bbox 3230 3114 3232 3653">
    <p class='ocr_par' dir='ltr' id='par_1_5' title="bbox 3230 3114 3232 3653">
     <span class='ocr_line' id='line_1_33' title="bbox 3230 3114 3232 3653; baseline 0 0"><span class='ocrx_word' id='word_1_215' title='bbox 3230 3114 3232 3653; x_wconf 95' lang='lat' dir='ltr'><strong> </strong></span> 
     </span>
    </p>
   </div>
  </div>
 </body>
</html>
