3292 5275
884 488 1033 572 168

874 633 1071 705 mino
1148 615 1556 726 expediens·
1590 644 1823 729 atque
1881 643 2358 728 opportunum
2439 633 2669 706 visum
2733 636 2944 711 fuerit
2972 685 2994 723 ,

872 762 1263 843 erogetur-p
1951 733 1960 743 ’
2885 849 2888 852 ¹

1084 868 1503 946 canonicam
1558 886 1794 949 autem
1849 886 2082 949 taxam
2140 895 2266 968 pro
2321 870 2754 949 Litterarum
2801 872 3002 971 Apo-

874 993 1281 1065 stoliearum
1336 994 1815 1088 expeditione,
1875 997 2154 1090 quoties
2209 992 2526 1067 Antistes
2581 996 2815 1068 eidem
2861 994 3002 1069 Ga·-

872 1112 1173 1185 thedraii
1228 1116 1569 1187 ecclesiae
1624 1115 1836 1189 suerit
1895 1114 2440 1217 praeficienduS,
2491 1116 2567 1186 in
2623 1114 2856 1190 aureis
2909 1116 2999 1189 de

870 1251 1149 1306 camera
1198 1234 1489 1307 florenis
1542 1237 1837 1327 triginta
1903 1236 2132 1308 tribus
2189 1256 2348 1307 cum
2404 1237 2616 1307 tertia
2679 1236 2998 1309 eiusdem

868 1353 1120 1427 floreni
1156 1368 1359 1457 parte.
1414 1356 1790 1429 statuimus
1827 1356 2223 1441 enunciari,
2253 1356 2496 1449 sieque
2535 1356 2606 1426 in
2643 1354 2842 1428 libris
2877 1378 2999 1429 ca-

866 1494 1099 1548 merae
1138 1473 1577 1570 Apostoiioae
1616 1472 1952 1571 Sacrique
1987 1472 2280 1570 Collegii
2317 1474 2608 1549 inscribi
2645 1487 2719 1547 ct
2765 1477 3000 1549 obscr-

869 1596 1024 1669 vari
1078 1597 1434 1671 iubemus.
3067 1586 3084 1599 ⁹

1078 1712 1445 1801 Ceterum,
1486 1728 1566 1792 ut
1604 1718 1824 1810 ipsius
1875 1713 2320 1803 Catbedralis
2358 1717 2727 1802 eeclesiae,
2769 1718 2999 1791 illius-

867 1854 1001 1931 que
1056 1838 1430 1913 universae
1485 1832 1860 1910 'Dioecesis
1899 1838 2306 1929 procuratio
2343 1838 2576 1911 forsan
2623 1836 2996 1931 aliquando

868 1971 1079 2053 queat
1132 1959 1564 2037 commodius
1622 1957 1910 2045 navari,
1965 1969 2176 2050 atque
2233 1958 2662 2032 fructuosius
2724 1960 2996 2050 expleri

866 2080 957 2153 ob
996 2077 1281 2177 nimiam
1333 2079 1489 2151 eius
1526 2076 1979 2151 latitudinem
2015 2090 2088 2149 et
2129 2076 2519 2150 animarum
2556 2077 2628 2149 in
2663 2078 2814 2151 dies
2851 2100 3000 2153 ma·

869 2200 977 2291 gis
1031 2196 1671 2271 increbescentium
1733 2217 2127 2282 numerum,
2159 2210 2369 2291 atque
2425 2200 2561 2271 alia
2594 2218 2832 2273 rerum
2867 2200 2998 2272 ad·

866 2294 1133 2402 iuncta,
1190 2318 1443 2391 iterum
1476 2318 1731 2411 ipsam
1787 2312 2045 2391 Portus
2082 2314 2357 2391 Veteris
2393 2312 2788 2391 Dioeccsim
2826 2342 2997 2415 quor

865 2440 975 2514 vis
1006 2450 1315 2531 tempore
1342 2458 1427 2509 ac
1466 2416 1675 2510 modo
1705 2436 1922 2529 magis
1957 2441 2032 2511 in
2061 2435 2366 2512 Domino
2397 2438 2724 2533 expedire
2757 2442 2992 2515 visum

866 2560 1075 2633 tuerit
1130 2555 1774 2642 circumscribendi,
1845 2554 2064 2631 Nobis
2119 2569 2192 2631 et
2239 2556 2545 2633 Sanctae
2601 2561 2768 2635 huic
2803 2557 2996 2657 Apo-

866 2680 1154 2754 stolicae
1202 2675 1369 2751 Scdi
1426 2681 1535 2754 ius
1590 2693 1664 2752 et
1722 2681 2128 2752 facultatem
2185 2701 2665 2755 reservamus.

1080 2797 1497 2874 Praesentes
1550 2821 1838 2894 queque
1900 2795 2206 2874 Litteras
2261 2815 2334 2874 ct
2389 2804 2463 2874 in
2515 2803 2620 2876 eis
2659 2815 2994 2878 contenta

866 2941 1351 3016 quaecumque
1411 2922 1555 2994 ullo
1612 2942 1943 3016 umquam
2006 2935 2312 3015 tempore
2348 2925 2436 2996 de
2486 2925 2991 3018 subreptionis,

867 3041 993 3142 ‘vei
1022 3031 1481 3137 obreptionis,
1524 3054 1645 3116 aut
1683 3041 2060 3127 militatis,
2096 3043 2327 3115 aliove
2363 3044 2615 3134 quovis
2653 3027 2829 3117 vitio
2865 3067 2990 3116 seu

866 3165 1287 3248 intentionis
1308 3159 1631 3248 Nostrae,
1657 3174 1780 3238 aut
1801 3183 2249 3258 quocumque
2273 3166 2414 3237 alio
2437 3165 2720 3238 defectu
2749 3186 2998 3260 quam-

864 3284 1133 3359 tumvis
1188 3284 1475 3357 iuridico
1528 3297 1601 3356 ct
1655 3265 2162 3368 substantiali,
2241 3284 2460 3356 etiam
2523 3305 2610 3356 ex
2665 3307 2754 3358 ee
2805 3289 2992 3382 quod

862 3405 1291 3498 quicumque
1350 3405 1419 3474 in
1474 3403 1875 3494 praemissis
1930 3404 2267 3477 omnibus
2325 3417 2398 3474 et
2453 3405 2752 3496 singuiis
2805 3397 2994 3499 quo-

864 3525 1239 3599 modolibet
1276 3525 1615 3597 interesse
1653 3525 2000 3597 habentes
2040 3525 2156 3598 vel
2197 3523 2454 3597 babere
2493 3535 2825 3617 putantes
2863 3541 2995 3600 aut

863 3646 1404 3740 praetendentes
1430 3647 1932 3738 cuiuscumque
1970 3644 2359 3739 qualitatis,
2419 3655 2672 3729 statuS,
2704 3647 2990 3739 gradus,

864 3765 1281 3840 conditionis
1336 3777 1408 3836 et
1460 3765 1832 3858 dignitatis
1881 3748 2218 3848 existant,
2277 3765 2364 3835 ad
2419 3765 2488 3835 id
2526 3765 2759 3838 vocati
2798 3765 2992 3837 citati

862 3897 937 3958 et
988 3887 1209 3960 auditi
1264 3883 1412 3959 n'on
1468 3885 1730 3960 fuerint
1760 3935 1783 3971 ‚
1865 3907 1948 3960 ae
2002 3887 2246 3959 iisdem
2303 3885 2790 3978 praesentibus
2845 3907 2992 3960 non

866 4007 1361 4090 consenserint,
1392 4028 1473 4078 ac
1502 4027 1769 4078 causac
1817 4015 2105 4098 propter
2139 4023 2312 4098 quas
2351 4002 2725 4097 praemissa
2755 4004 2992 4078 omnia

864 4137 939 4200 et
994 4125 1267 4217 singula
1300 4137 1750 4208 emanamnt,
1786 4124 2080 4198 minime
2125 4125 2238 4197 vel
2277 4125 2512 4198 minus
2563 4122 2994 4197 suffleienter

866 4245 1303 4318 examinatae
1326 4247 1728 4328 {seriana
1749 4265 1835 4316 ex
1857 4263 2298 4339 quacumque
2329 4242 2460 4314 alia
2487 4263 2703 4316 eausa
2735 4265 2993 4337 quam-

781 4424 788 4431 .
868 4368 1134 4441 tumvis
1189 4355 1539 4461 legitima,
1612 4365 1758 4460 pia,
1817 4365 2260 4461 privilegiata
2317 4387 2398 4436 ac
2458 4363 2749 4459 speciali
2817 4376 2988 4439 nota
