3292 5275
891 462 1044 545 174

882 615 1049 677 tana
1103 598 1422 679 Ecclesia
1479 606 1731 677 misere
1790 615 2151 687 versatur,
2182 598 2447 677 SSffius
2484 598 2831 681 Dominus
2868 598 3025 679 No-

883 736 1022 799 ster
1075 720 1245 799 Pius
1297 724 1542 799 divina
1597 722 2045 816 providentia
2097 720 2237 795 ΡΡ.
2295 718 2415 797 ΙΧ.
2476 746 2603 815 pro
2656 746 2743 799 ea
2776 772 2801 808 ,
2858 747 3013 819 qua

884 846 1224 918 divinitus
1262 844 1478 935 pollet
1529 843 1601 916 in
1643 846 2053 916 universam
2102 841 2491 920 Ecclesiam
2526 866 2859 937 suprema
2896 868 3029 939 po-

887 976 1170 1057 testate,
1205 965 1618 1058 gravissima
1656 964 2099 1039 considerans
2146 966 2326 1037 mala
2382 986 2467 1039 ex
2522 967 2711 1039 tristi
2766 966 3031 1041 huius-

887 1086 1076 1160 modi
1133 1086 1492 1173 factorum
1525 1086 1975 1159 enarratione
2038 1087 2379 1159 scatentia
2412 1133 2434 1169 ,
2490 1108 2575 1159 ac
2644 1106 2813 1177 prae
2892 1108 3031 1161 sua

889 1208 1196 1280 omnium
1223 1202 1699 1281 Ecclesiarum
1732 1206 2221 1279 sollicitudine
2276 1206 2567 1297 cupiens
2620 1228 2763 1298 quo
2806 1207 3031 1279 citius

889 1326 1046 1404 fieri
1101 1337 1336 1418 potest
1369 1374 1390 1410 ,
1447 1330 1683 1405 efficax
1738 1328 2055 1401 adhiberi
2136 1328 2527 1402 remedium
2556 1376 2583 1411 ,
2633 1348 2777 1420 quo
2852 1328 3031 1401 boni

883 1448 1386 1533 subleventur,
1443 1458 1515 1519 et
1569 1448 1739 1519 mali
1794 1447 2297 1539 corripiantur,
2356 1470 2439 1519 ac
2502 1446 3029 1533 illuminentur,

891 1569 1101 1640 iussit
1143 1578 1222 1639 ut
1259 1568 1348 1639 ab
1383 1568 1512 1641 hac
1550 1564 1626 1639 S.
1660 1565 2223 1657 Congregatione
2252 1564 2555 1645 Concilii
2595 1570 2787 1641 iuxta
2826 1590 3035 1641 men-

889 1701 1032 1763 tem
1085 1712 1126 1761 a
1181 1684 1568 1763 Sanctitate
1625 1684 1771 1761 Sua
1824 1689 2050 1761 eidem
2120 1688 2477 1781 panditam
2544 1700 3033 1781 opportunum

891 1811 968 1883 in
1023 1810 1094 1883 id
1148 1810 1508 1883 decretum
1561 1810 1917 1883 ederetur.

1101 1926 1336 2018 Quare
1365 1930 1560 2123 r&aec
1597 1925 1669 2000 S.
1708 1924 2179 2023 Congregatio
2218 1922 2519 2001 Concilii
2577 1946 2742 2022 prae
2798 1930 3035 2003 oculis

893 2052 1134 2125 hahita
1189 2072 1360 2145 prae
1439 2062 1510 2122 ta
1546 2042 1899 2123 factorum
1937 2050 2147 2134 serie,
2180 2071 2257 2121 ac
2292 2048 2654 2141 perpensis
2692 2049 2810 2133 iis,
2838 2072 3035 2144 quac

895 2173 1144 2245 statuit
1200 2167 1592 2243 Concilium
1651 2166 2125 2260 Lugdunense
2180 2164 2315 2253 II.,
2374 2164 2787 2242 Bonifacius
2840 2165 3035 2241 vm.

895 2294 970 2365 in
999 2287 1514 2366 Constitutione
1537 2286 1919 2365 Iniunctae
1944 2286 2140 2365 nobis
2168 2290 2255 2361 de
2284 2292 2494 2363 elect.
2530 2289 2715 2363 inter
2742 2312 3035 2379 comm„

895 2408 1221 2487 Clemens
1258 2407 1380 2485 XI.
1421 2408 1667 2484 Const.
1710 2406 1801 2483 In
1858 2432 2185 2509 supremo
2240 2409 2375 2485 diei
2414 2402 2521 2485 2AE
2554 2408 2737 2501 Aug.
2794 2404 3036 2499 1707,

895 2535 1194 2628 aliisque
1247 2529 1699 2607 Summorum
1752 2530 2177 2607 Pontificum
2228 2529 2907 2621 ConstitutionibuS,
2950 2557 3041 2607 ac

898 2667 1265 2750 praeterea
1319 2653 1699 2728 notissimis
1738 2649 1843 2726 Pii
1881 2650 2033 2726 vll.
2078 2651 2337 2726 Literis
2384 2675 2597 2746 supra
2652 2654 2923 2739 allatis,
2952 2677 3041 2728 ac

902 2778 1114 2852 etiam
1146 2774 1412 2850 Literis
1444 2771 1701 2848 Leonis
1735 2772 1877 2846 PP.
1905 2770 2060 2847 XII.
2102 2775 2283 2848 datis
2323 2773 2431 2848 die
2470 2766 2521 2848 3
2548 2769 2785 2846 Martii
2826 2767 3041 2850 1826

901 2899 990 2972 ad
1041 2895 1524 2972 Patriarcham
1565 2893 2107 2982 Lisbonensem‚
2150 2895 2403 2968 statuit
2454 2905 2663 2990 atque
2719 2895 3043 2970 decernit

901 3041 984 3094 ac
1039 3021 1436 3113 respective
1487 3018 1829 3102 declarat,
1883 3037 2135 3108 nempe

1118 3137 1172 3212 Ι.
1230 3135 1524 3214 Petrum
1579 3135 1917 3212 Llorente
1970 3158 2013 3208 a
2065 3134 2433 3215 Gubernio
2486 3131 2877 3230 Hispanico
2952 3135 3041 3210 ad

904 3257 1591 3355 Archiepiscopalem
1647 3255 2035 3332 Ecclesiam
2090 3254 2163 3332 S.
2220 3255 2447 3332 iacobi
2504 3258 2591 3330 de
2646 3253 2849 3329 Cuba
2918 3279 3045 3331 no-

904 3382 1272 3466 minatum,
1312 3383 1476 3461 licet
1510 3382 1723 3452 huius
1778 3380 2281 3454 nominationis
2349 3400 2473 3454 seu
2529 3381 3047 3471 praesentatio-

907 3506 1020 3578 nis
1073 3506 1348 3577 nullum
1421 3503 1608 3595 apud
1666 3498 1741 3574 S.
1797 3497 2048 3575 Sedem
2110 3512 2308 3573 extet
2383 3501 2867 3574 authenticum
2924 3504 3047 3576 do-

909 3637 1320 3700 cumentum
1353 3673 1376 3709 ,
1437 3627 1512 3696 in
1565 3644 1905 3697 censuras
1958 3621 2499 3708 ecclesiasticas,
2552 3643 2635 3694 ac
2690 3623 2913 3694 etiam
2970 3626 3043 3693 in

906 3747 1240 3822 maiorem
1281 3747 2077 3820 excommunicationem
2102 3744 2256 3837 ipso
2278 3745 2432 3815 iure
2450 3743 2806 3832 incidisse,
2832 3746 3049 3818 alias-

909 3891 1041 3963 que
1097 3889 1360 3960 poenas
1397 3866 1921 3942 ecclesiasticas
1958 3866 2424 3948 contraxisse,
2464 3885 2551 3936 eo
2604 3865 2793 3958 quod
2846 3863 3047 3938 nulla

914 3992 1001 4064 ab
1030 3968 1453 4082 Apostolica
1505 3983 1689 4062 Sede
1744 3987 2033 4060 obtenta
2068 3983 2547 4062 Consistoriali
2604 3987 3049 4078 provisione,

773 4137 778 4142 ·
911 4131 1138 4205 neque
1193 4121 1560 4204 propterea
1617 4105 2031 4202 Apostolicis
2086 4104 2309 4185 Bullis
2362 4106 2700 4198 expeditis
2755 4107 3051 4179 multo·-

917 4251 1052 4326 que
1105 4231 1342 4306 minus
1395 4227 1724 4324 Capitulo
1763 4225 1835 4302 S.
1867 4225 2101 4304 Iacobi
2158 4228 2247 4300 de
2284 4223 2483 4301 Cuha
2538 4227 2909 4317 exhibitis,
2940 4237 3053 4300 te-
