3292 5275
872 704 1010 777 que
1064 666 1665 775 praeeminentia,⁴
1706 704 1785 752 ac
1840 693 2188 775 potestate
2245 675 2644 771 fungentes,
2700 693 2775 752 et
2828 677 2994 753 fun-

871 803 1142 887 cturoS,
1202 784 1475 878 sublata
1527 802 1661 887 eis,
1716 814 1789 874 et
1842 822 2084 875 eorum
2141 800 2431 874 cuilibet
2481 802 2729 895 quavis
2787 800 2991 875 aliter

871 917 1222 996 iudicandi
1277 916 1348 994 e‘t
1404 914 1911 1017 interpretandi
1966 909 2333 1009 facultate,
2384 918 2456 993 e‘t
2510 903 2928 994 auctoritate
2964 972 2989 1007 ,

869 1026 1195 1132 iudicari,
1252 1068 1335 1119 ac
1391 1033 1665 1116 definiri
1719 1022 2003 1130 debere3
2056 1035 2128 1113 et
2184 1025 2456 1114 irritum
2511 1055 2724 1137 atque
2782 1045 2992 1117 inane

869 1166 1024 1242 esse
1063 1191 1146 1243 ac
1185 1170 1330 1241 sore
1361 1147 1701 1261 quidquid
1742 1184 1954 1258 super
1988 1154 2098 1235 his
2130 1186 2171 1236 a
2201 1186 2545 1258 quoquam
2583 1153 2833 1257 quavis
2863 1189 2993 1242 au-

867 1285 1223 1375 ctoritate,
1279 1285 1485 1361 etiam
1540 1288 1914 1380 praetextu
1969 1282 2352 1359 cuiuslibet
2406 1270 2808 1378 privilegii,
2864 1301 2995 1361 aut

868 1401 1396 1484 consuetudinis
1451 1400 1781 1480 inductae
1836 1401 1952 1478 'vel
2002 1406 2437 1479 inducendae
2467 1454 2488 1492 ,
2546 1428 2757 1501 quam
2812 1406 2994 1483 abu-

871 1552 1030 1604 sum
1084 1530 1234 1603 esse
1289 1510 1724 1603 declaramus
1757 1575 1780 1607 ‚
1836 1527 2137 1599 scienter
2192 1520 2309 1597 vel
2373 1528 2771 1619 ignoranter
2824 1550 2994 1601 con-

873 1648 1106 1743 tigerit
1163 1641 1522 1723 attentari.

1085 1766 1237 1846 Non
1319 1769 1765 1843 obstantibus
1824 1766 2235 1861 praemissis
2274 1815 2295 1853 ,
2354 1756 2645 1863 aliisque
2708 1771 3002 1865 quibus-

868 1886 1042 1964 libet
1121 1875 1675 1965 ordinationibus
1704 1938 1727 1976 ,
1809 1878 2427 1963 constitutionibus
2462 1937 2484 1974 ‚
2542 1876 2932 1983 privilegiis
2965 1942 2988 1977 ,

869 2005 1084 2085 etiam
1121 2010 1407 2104 speciali
1443 2020 1516 2083 et
1554 1993 1922 2085 individua
1960 2001 2331 2082 'mentione
2369 2008 2619 2104 dignis,
2674 2031 2802 2084 uec
2851 2034 2993 2086 non

869 2120 1500 2206 consuetudinibus
1553 2129 1953 2227 quibusviS,
2009 2127 2218 2203 etiam
2272 2116 2931 2207 immemorabilibus
2966 2182 2988 2218 ,

870 2250 1267 2347 ceterisque
1321 2248 1691 2325 contrariis
1743 2249 2324 2346 quibuscumque.

1083 2368 1274 2447 Nulli
1328 2377 1496 2465 ergo
1552 2370 1844 2445 omnino
1896 2363 2260 2445 hominum
2314 2368 2527 2443 liceat
2562 2367 2743 2446 hanc
2799 2373 2995 2467 pagi-

871 2515 1032 2568 nam
1083 2478 1376 2568 Nostrae
1431 2473 1978 2565 Constitutionis
2011 2538 2033 2575 ,
2098 2476 2588 2565 ordinationis
2616 2539 2637 2577 ,
2720 2494 2989 2571 limita-

873 2612 1103 2702 tionis,
1135 2612 1685 2710 suppressionis,
1739 2608 2235 2704 derogationis,
2296 2613 2682 2687 voluntatis
2738 2606 2991 2691 infrin-

871 2757 1062 2830 gere,
1100 2715 1215 2809 vel
1251 2735 1319 2808 ei
1359 2754 1535 2809 ausu
1574 2726 1948 2806 temerario
1982 2732 2361 2806 contraire.
2423 2725 2496 2805 Si
2559 2731 2717 2829 quis
2752 2749 2989 2811 autem

872 2841 1004 2930 boc
1040 2865 1394 2929 attentare
1432 2848 2006 2946 praesumpserit,
2048 2849 2601 2945 indignationem
2648 2837 2994 2950 Omnipo-

875 2975 1089 3050 tentis
1143 2971 1273 3049 Dei
1310 2984 1384 3048 et
1417 2971 1803 3066 Beatorum
1856 2960 2049 3046 Petri
2106 2984 2179 3045 et
2233 2959 2437 3047 Pauli
2495 2962 2988 3068 Apostolorum

872 3099 1056 3178 eius,
1113 3117 1190 3169 se
1246 3095 1525 3169 noverit
1579 3093 2047 3166 incursurum.

1081 3200 1346 3322 Datum
1398 3210 1667 3288 Romae
1724 3215 1909 3306 apud
1952 3207 2028 3284 S.
2074 3208 2365 3290 Petrum
2420 3236 2603 3289 anno
2658 3210 2991 3292 lucarna-

871 3337 1081 3412 tionis
1136 3333 1543 3411 Dominicae
1599 3319 1969 3409 Millesimo
2019 3323 2621 3426 octingentesimo
2678 3333 2992 3432 Sexage-

873 3457 1048 3533 simo
1085 3441 1306 3544 Nono,
1343 3452 1614 3546 Quarto
1670 3444 1835 3531 Idus
1891 3455 2199 3532 octobris
2255 3450 2713 3532 pontificatus
2767 3461 2987 3533 nostri

873 3587 1062 3655 anno
1116 3577 1456 3653 vicesimo
1510 3584 1781 3672 quarto.

919 3824 1150 3893 utnrvs
1201 3840 1390 3892 etan.
1445 3842 1684 3894 υττει
1740 3857 1843 3873 -
1898 3841 1958 3892 u.
1989 3839 2183 3890 ctnn.
2216 3837 2585 3891 »Antaeum
2623 3843 2931 3894 cunam

991 3923 1461 3997 Pro-natarius

1996 4048 2151 4129 Visa
2191 4058 2270 4129 de
2311 4053 2507 4131 Curia

1970 4170 2305 4226 DOUIMCVS
2346 4165 2537 4225 BRVTI

875 4286 1063 4374 Lo'co
1096 4297 1192 4396 ᾗ
1223 4291 1500 4376 Plumbi

2511 4418 2561 4490 1.
2609 4423 2903 4510 Cugnoni
