3292 5275
2221 530 2360 615 111

255 675 468 758 versi,
510 675 933 767 multiplices
990 672 1371 744 mentiendi
1428 648 1773 745 audacter
1807 684 1880 744 et
1917 694 2376 767 corrumpen-

248 793 315 865 di
370 807 589 877 arteS,
646 794 904 888 quibus
959 792 1299 879 iustitiae,
1351 791 1738 865 honestatis
1794 804 1868 864 et
1931 792 2382 871 auctoritatis

250 914 595 988 salutaria
648 915 930 989 vincula
984 912 1356 986 solvuntur
1388 960 1409 996 ,
1466 912 1815 1005 pessimae
1870 934 2192 1007 quaeque
2248 938 2374 988 cu-

252 1034 588 1126 piditates
646 1032 1198 1115 inflammantur,
1254 1028 1658 1104 Christiana
1711 1029 1920 1105 Fides
1975 1034 2064 1105 ab
2120 1036 2372 1110 animis

158 1230 163 1235 ,
250 1156 578 1230 funditus
632 1154 1081 1236 convellitur,
1119 1154 1219 1224 ita
1259 1162 1339 1226 ut
1392 1162 1666 1225 certum
1702 1152 1836 1225 hoc
1882 1163 2196 1247 tempore
2233 1152 2378 1229 Ec-

249 1276 513 1349 clesiae
566 1272 697 1348 Dei
752 1272 1207 1347 metuendum
1260 1283 1450 1344 esset
1502 1272 1797 1347 exitium
1830 1322 1851 1357 ,
1905 1276 1967 1347 si
2027 1274 2188 1346 ullis
2249 1277 2378 1350 ho-

248 1396 525 1469 minum
579 1392 1209 1468 machinationibus
1250 1405 1323 1464 et
1359 1392 1724 1466 conatibus
1780 1392 2055 1465 excindi
2109 1405 2370 1489 posset.

252 1512 346 1588 At
382 1516 557 1587 nihil
594 1510 911 1589 Ecclesia
966 1512 1353 1607 potentius,
1408 1513 1778 1606 inquiebat
1813 1508 2120 1587 Sanctus
2176 1512 2376 1589 Ioan-

252 1656 379 1707 nes
432 1630 974 1731 chrysostomus
1012 1682 1033 1719 ,
1092 1630 1412 1706 Ecclesia
1466 1644 1579 1705 est
1632 1634 1788 1726 ipso
1841 1635 2039 1709 caelo
2090 1638 2368 1713 fortior.

252 1752 552 1831 Caelum
608 1766 681 1828 et
736 1766 923 1827 terra
979 1756 1414 1839 transibunt,
1470 1754 1692 1829 verba
1731 1766 1969 1828 autem
2020 1778 2178 1829 mea
2234 1780 2375 1832 non

257 1874 679 1949 transibunt.
739 1870 937 1965 Quae
1002 1875 1219 1949 verba
1252 1868 1293 1945 ἰ’
1357 1868 1461 1944 Tu
1520 1894 1597 1944 es
1653 1869 1908 1947 Petrus
1940 1924 1961 1960 ,
2035 1886 2106 1948 et
2171 1899 2378 1971 super

254 1997 439 2070 hanc
492 1992 780 2069 Petram
836 1994 1213 2068 aedificabo
1269 1990 1664 2089 Ecclesiam
1718 2016 1978 2081 meam,
2020 2007 2092 2067 et
2131 2009 2378 2090 portae

258 2116 465 2189 inferi
524 2134 666 2189 non
722 2115 1231 2209 praevalebunt
1272 2113 1628 2219 ,adversus
1683 2136 1844 2187 eam
1897 2108 2032 2215 (1).

472 2231 912 2331 Quamquam
964 2256 1136 2309 vero
1190 2232 1465 2309 Civitas
1503 2232 1789 2309 Domini
1846 2238 2223 2326 virtutum,
2260 2236 2382 2314 Ci-

262 2356 443 2430 vitas
492 2354 625 2430 Dei
683 2352 923 2429 Nostri
987 2356 1509 2449 inexpugnabili
1567 2356 2027 2432 fundamento
2081 2360 2377 2449 nitatur,

260 2490 501 2550 tamen
556 2488 1007 2570 agnoscentes
1046 2498 1126 2548 ac
1164 2475 1411 2547 intimo
1446 2477 1652 2548 corde
1707 2478 2054 2568 dolentes,
2113 2492 2380 2557 tantam

264 2598 597 2672 malorum
652 2598 1043 2690 congeriem
1101 2597 1627 2691 animarumque
1685 2598 1993 2681 ruinam,
2033 2600 2122 2674 ad
2167 2624 2380 2698 quam

264 2719 715 2794 avertendam
775 2719 887 2791 vel
941 2719 1165 2791 vitam
1224 2739 1486 2810 ponere
1542 2720 1766 2811 parati
1823 2741 2134 2794 essemus
2161 2771 2182 2808 ,
2240 2719 2382 2797 Nos

264 2843 380 2934 qui
438 2841 705 2915 aeterni
763 2837 1076 2913 Pastoris
1130 2835 1411 2911 Vicaria
1468 2839 1543 2910 in
1599 2834 1838 2913 Terris
1893 2844 2382 2936 procuratione

262 2963 631 3052 fungentes
659 3011 679 3040 ,
748 2962 898 3032 zelo
952 2959 1196 3031 domus
1252 2954 1381 3032 Dei
1447 2979 1617 3052 prae
1684 2963 1979 3033 caeteris
2053 2965 2385 3039 incenda-

262 3101 423 3155 mur
486 3101 771 3154 necesse
836 3091 943 3152 est
975 3129 998 3167 ,
1078 3099 1236 3151 eam
1308 3079 1498 3152 viam
1561 3093 1634 3152 et
1710 3083 2054 3157 rationem
2127 3087 2386 3160 ineun-

264 3203 425 3274 dam
482 3197 699 3275 Nobis
762 3221 919 3273 esse
993 3201 1327 3274 duximus
1362 3249 1383 3286 ,
1451 3223 1629 3296 quae
1687 3202 1775 3275 ad
1843 3215 1946 3278 tot
2023 3201 2380 3282 Ecclesiae

262 3321 685 3396 detrimenta
751 3321 1112 3394 sarcienda
1185 3321 1427 3396 utilior
1500 3333 1574 3393 et
1651 3325 2107 3417 opportunior
2176 3326 2418 3414 vide-0

267 3454 489 3518 retur.
547 3439 649 3514 Ac
706 3441 881 3514 illud
946 3437 1166 3543 isaiae
1206 3463 1409 3536 saepe
1448 3443 1690 3516 animo
1746 3447 2194 3521 revolventes
2233 3471 2267 3518 α
2313 3445 2382 3520 in

264 3564 643 3638 consilium
708 3583 879 3654 coge
940 3562 1317 3636 concilium
1380 3587 1417 3632 n
1490 3574 1564 3636 et
1649 3577 2054 3658 reputantes
2135 3568 2384 3641 huius-

266 3685 455 3757 modi
522 3684 904 3757 remedium
959 3685 1033 3756 in
1072 3682 1501 3774 gravissimis
1566 3685 1670 3757 rei
1725 3686 2150 3761 christianae
2207 3701 2385 3762 tem-

266 3805 553 3899 poribus
608 3827 645 3876 a
699 3799 1361 3878 praedecessoribus
1414 3799 1690 3879 Nostris
1769 3805 2163 3880 salutariter
2226 3829 2384 3883 esse

266 3937 703 4018 usurpatum,
744 3935 902 4020 post
953 3924 1326 3998 diuturnas
1383 3947 1661 4020 preces,
1718 3936 1880 4020 post
1935 3929 2187 4004 collata
2225 3950 2387 4008 cum

266 4041 806 4119 venerabilibus
874 4039 1238 4118 Fratribus
1292 4042 1567 4120 Nostris
1646 4043 1952 4122 Sanctae
2032 4045 2388 4127 Romanae

266 4161 629 4242 Ecclesiae
682 4163 1174 4244 cardinalibus
1229 4167 1552 4256 consilia,
1595 4179 1751 4266 post
1805 4171 2110 4266 expetita
2164 4174 2384 4250 etiam

432 4423 513 4513 (1)
554 4421 799 4496 nonnil.
840 4435 991 4500 aute
1030 4428 1187 4501 exil.
1232 4449 1295 4500 n.
1338 4423 1399 4500 1.
