3292 5275
332 636 371 689 »·
411 620 737 713 viamque
796 620 1046 724 salutis
1100 628 1687 712 praemonstrent,
1725 642 1760 690 >i
1807 620 2104 694 caeteris
2143 620 2440 717 denique

325 742 707 832 fungantur
762 742 1036 821 officiis,
1091 762 1268 833 quae
1323 740 1579 813 ibidem
1638 742 2065 834 praescripta
2123 752 2307 815 sunt.

540 858 993 935 Seminarium
1049 860 1397 934 custodite
1438 871 1515 933 ut
1553 860 1890 953 pupillam
1930 864 2140 947 oculi,
2182 874 2251 936 et
2289 860 2448 957 qui-

331 1002 631 1074 cumque
687 984 755 1053 in
836 1002 1026 1075 spem
1080 978 1440 1054 Ecclesiae
1520 980 1956 1065 adolescunt,
2012 976 2445 1056 Clericorum

327 1101 689 1176 institutio
746 1124 1058 1175 summae
1114 1096 1331 1174 Vobis
1389 1122 1595 1174 curae
1650 1100 1773 1183 sit,
1810 1102 2208 1197 acriterque
2265 1102 2450 1197 vigi-

325 1223 489 1307 late,
552 1246 641 1296 ne
694 1226 881 1318 quiS,
924 1224 1064 1295 nisi
1140 1222 1401 1305 indole,
1458 1224 1755 1306 virtute,
1797 1220 2087 1296 scientia
2147 1244 2312 1297 vere
2369 1246 2444 1299 se

326 1355 655 1417 vocatum
714 1346 1145 1437 praeseferat
1182 1345 1251 1415 in
1307 1358 1559 1416 sortem
1614 1338 1924 1429 Domini,
1965 1344 2183 1417 sacris
2238 1338 2448 1417 Ordi-

331 1464 543 1537 nibus
600 1464 932 1537 initietur.
992 1460 1232 1558 Neque
1288 1486 1373 1538 eo
1426 1465 1657 1536 minus
1714 1464 2192 1560 religiosarum
2247 1466 2446 1539 fami-

332 1585 587 1658 liarum
646 1586 1139 1661 observantiae
1196 1585 1591 1679 prospicite,
1632 1586 2082 1660 facultatibus
2124 1602 2444 1676 utenteS,

328 1726 506 1799 quae
574 1702 784 1779 Vobis
840 1729 881 1779 a
937 1702 1007 1777 S.
1066 1702 1381 1780 Concilio
1466 1702 1882 1781 Tridentino
1937 1710 2049 1781 vel
2115 1722 2446 1805 tauquam

330 1820 742 1914 ordinariis,
795 1828 905 1901 vel
962 1841 1301 1921 tanquam
1378 1822 1575 1901 Sedis
1661 1824 2102 1920 Apostolicae
2185 1830 2450 1925 delega-

333 1949 422 2021 tis
500 1950 927 2024 tribuuntur.
990 1944 1279 2021 Scholas
1360 1962 1431 2021 et
1515 1948 1808 2039 collegia
1892 1950 2448 2043 adolescentium

354 2070 599 2143 crebro
636 2071 922 2145 invisite
960 2068 1049 2142 ad
1086 2090 1363 2145 venena
1404 2068 1832 2162 prohibenda
1870 2074 2259 2163 praesentis
2288 2074 2450 2149 aevi

330 2181 913 2284 corruptelarum,
972 2192 1341 2286 omniaque
1382 2192 1466 2263 ad
1506 2212 1822 2264 normam
1878 2190 2234 2284 dirigenda
2289 2216 2454 2268 san-

346 2312 695 2385 ctissimae
753 2314 1190 2407 disciplinae.
1249 2309 1534 2397 instate,
1576 2324 1658 2385 ut
1711 2308 2045 2386 Moniales
2085 2336 2263 2409 quae
2301 2308 2450 2391 Deo

332 2430 687 2507 voverunt
744 2429 1057 2528 religiose
1142 2445 1521 2526 praestent,
1570 2456 1603 2503 (ι
1639 2442 1713 2506 et
1766 2456 1943 2529 quas
2001 2428 2134 2533 (uti
2219 2450 2451 2511 monet

342 2578 380 2623 »
422 2532 812 2628 Concilium
854 2547 1274 2656 Romanum)
1328 2554 1728 2628 educandas
1769 2575 1846 2627 ac
1881 2552 2278 2633 formandas
2333 2582 2454 2634 su-

342 2699 377 2748 »
424 2679 778 2770 scepei-int
833 2677 1097 2770 puellas
1154 2675 1641 2763 convictrices,
1703 2679 1816 2769 pie
1879 2679 2035 2752 illas
2091 2693 2164 2753 et
2215 2681 2452 2756 catho-

338 2822 380 2868 n
418 2799 553 2873 lice
618 2801 1000 2883 instruant,
1059 2795 1631 2892 incumbuntque,
1699 2818 1785 2870 ne
1862 2799 2165 2894 ipsarum
2247 2823 2454 2876 orna-

339 2943 375 2991 »
423 2931 564 3008 tus,
604 2931 677 2993 et
712 2930 949 2993 vestes
988 2920 1239 3012 puellis
1293 2921 1483 2992 inter
1536 2940 1826 3011 sponsas
1858 2915 2120 2993 Christi
2157 2943 2452 2996 versan-

342 3066 383 3114 η
426 3043 606 3114 tibus
659 3041 1224 3116 disconveniant.
1264 3061 1298 3109 n
1344 3032 1547 3127 Quae
1586 3040 1672 3110 de
1709 3039 2181 3119 celebratione
2238 3065 2454 3138 syno-

341 3165 618 3250 dorum,
673 3185 851 3257 quae
908 3163 993 3234 de
1050 3162 1461 3236 visitatione
1515 3161 1946 3234 dioecesium
2013 3163 2460 3258 praecipiun-

336 3299 457 3360 tur
508 3306 547 3357 a
602 3278 921 3356 Concilio
970 3277 1389 3357 Tridentino
1444 3293 1682 3376 partes
1720 3278 1954 3356 ducite
1989 3285 2298 3358 muneris
2337 3308 2456 3360 ve-

338 3403 461 3480 stri
517 3407 988 3497 gravissimas.
1048 3397 1154 3478 Ea
1210 3412 1289 3475 ut
1343 3401 1788 3498 praescriptis
1844 3403 1932 3478 ab
1978 3423 2062 3478 eo
2120 3407 2456 3500 tempori-

340 3527 471 3600 bus
520 3507 863 3622 modoque
901 3527 1211 3624 relig'ose
1261 3527 1704 3618 impleantur,
1745 3517 1958 3600 Vobis
1995 3527 2206 3600 etiam
2246 3540 2452 3622 atque

227 3741 235 3750 .
337 3653 555 3723 etiam
610 3647 1203 3722 commendamus.
1248 3641 1415 3719 lnde
1470 3641 1656 3720 enim
1691 3655 1758 3719 ct
1797 3649 2224 3743 cognoscetis
2281 3671 2455 3724 oves

333 3779 639 3855 vestras,
697 3778 769 3844 et
822 3769 1075 3864 quibus
1130 3789 1365 3843 earum
1420 3770 1619 3842 malis
1673 3769 2090 3843 medendum
2147 3770 2263 3856 sit,
2302 3771 2458 3866 qui-

339 3893 477 3969 bus
528 3891 907 3966 commodis
961 3889 1467 3964 consulendum
1506 3887 1929 3982 intelligetis
1969 3885 2302 3965 Omnium
2343 3911 2457 3964 or-

341 3991 577 4087 dinum
618 4035 789 4089 cura
828 4007 1043 4085 Vobis
1098 4011 1470 4085 commissa
1524 4019 1662 4096 cst,
1703 4010 1824 4084 sed
1865 4013 2237 4106 praecipue
2275 4031 2456 4106 pau·-

339 4157 616 4232 perum‚
666 4135 925 4230 quibus
980 4133 1068 4204 ad
1106 4132 1726 4225 evangelizandum
1764 4155 1838 4206 se
1894 4135 2183 4207 missum
2240 4155 2278 4206 a
2317 4130 2458 4208 Pa-

343 4269 456 4332 tre
510 4259 867 4351 protessus
916 4266 1026 4328 est
1076 4249 1421 4340 Clu-istus,
1480 4255 1548 4325 in
1602 4275 1778 4348 quos
1853 4254 2032 4330 adeo
2103 4253 2456 4346 praeclara

338 4381 721 4473 singularis
777 4375 1102 4476 praebuit
1156 4389 1558 4476 argumenta
1604 4375 2015 4450 voluntatis
2049 4369 2277 4450 Probe
2331 4395 2422 4451 au
