3292 5275
897 636 1191 729 plurium
1246 632 1619 713 Sacrorum
1673 634 2098 713 Antistitum
2155 638 2486 733 suffragia
2515 684 2540 718 ‚
2596 634 2736 713 Vos
2791 634 3014 718 vene-

896 758 1149 831 rabiles
1202 754 1487 833 Fratres
1541 758 1662 853 qui
1715 759 1888 833 estis
1941 760 2046 832 sal
2103 772 2354 845 terrae,
2393 756 2736 836 Custodes
2773 757 3013 837 Domi·

897 878 1037 951 niei
1076 876 1323 971 Gregis
1356 890 1429 953 et
1470 875 1826 967 Pastores,
1883 880 2070 971 apud
2125 881 2302 962 hanc
2357 876 2550 951 Petri
2587 871 3014 956 Cathedram

894 1002 1299 1075 censuimus
1352 1000 1800 1089 evocandos3
1853 1010 2064 1093 atque
2119 1000 2326 1073 hodie
2390 998 2634 1073 divina
2695 1000 3014 1095 benigni-

896 1130 1043 1193 tate
1094 1122 1399 1205 invente,
1440 1141 1622 1215 quae
1679 1128 1918 1193 tantae
1975 1120 2077 1190 rei
2133 1118 2634 1213 impedimenta
2689 1123 3010 1209 sustulit,

894 1252 1180 1317 sanetae
1218 1231 1795 1333 Congregationis
1834 1241 2066 1325 initia,
2107 1241 2410 1315 solemni
2465 1244 2808 1316 maiorum
2863 1244 3012 1321 ritu

892 1362 1349 1435 celebramus.
1406 1356 1543 1434 Tot
1597 1372 1836 1435 autem
1893 1372 2110 1451 sunt,
2169 1372 2446 1455 tamque
2521 1363 2774 1435 uberes
2829 1366 3012 1437 cari·-

894 1483 1061 1557 tatis
1116 1503 1359 1555 sensus
1384 1528 1409 1565 ,
1461 1482 1713 1575 quibus
1769 1484 1902 1555 hoc
1957 1493 2276 1575 tempore
2331 1480 2673 1557 afficimur
2702 1530 2721 1565 ,
2780 1479 3014 1557 Vene-

892 1602 1147 1678 rabiles
1202 1598 1486 1677 Fratres
1520 1649 1541 1687 ,
1602 1614 1678 1673 ut
1731 1624 1852 1676 eos
1909 1603 1984 1675 in
2041 1600 2198 1673 sinu
2251 1602 2617 1675 continere
2681 1624 2824 1680 nou
2877 1626 3010 1677 va·-

890 1722 1185 1797 leamus.
1243 1717 1579 1795 Videmur
1634 1725 1823 1799 enim
1862 1722 1936 1795 in
1974 1717 2230 1801 Vestro
2281 1733 2669 1817 conspectu.
2719 1724 3010 1801 univer-

890 1864 1043 1917 sam
1094 1838 1497 1917 Catholicae
1578 1843 1804 1936 gentis
1883 1844 2218 1917 familiam
2253 1891 2278 1931 ,
2333 1840 2720 1917 carissimos
2785 1840 3008 1920 Nobis

888 1959 1097 2039 Filios
1153 1976 1559 2056 praesentes
1612 1962 1926 2037 intueri:
1985 1964 2374 2057 cogitamus
2431 1975 2532 2035 tot
2585 1966 2846 2039 amoris
2893 1970 3010 2060 pi-

888 2104 1137 2175 gnora,
1180 2095 1289 2157 tot
1337 2085 1682 2159 fervent's
1737 2083 1952 2157 animi
2005 2104 2245 2177 opera,
2298 2085 2556 2178 quihus
2594 2078 2845 2159 Vestro
2879 2088 3008 2161 im-

888 2206 1121 2299 puhu,
1175 2206 1393 2279 ductu
1446 2215 1517 2278 et
1570 2208 1898 2298 exemplo
1951 2226 2146 2281 suam
2211 2205 2548 2299 pietatem
2619 2218 2697 2279 et
2767 2208 3008 2282 obser-

888 2328 1201 2401 vantiam
1240 2321 1453 2399 Nobis
1490 2338 1563 2397 et
1596 2326 1755 2400 huic
1807 2322 2260 2419 Apostolicae
2296 2320 2460 2401 Sedi
2515 2326 2806 2399 mirifice
2843 2352 3010 2423 pro-

884 2446 1165 2527 barunt,
1200 2468 1283 2521 ae
1338 2468 1543 2540 porro
1578 2446 1910 2540 probant3
1945 2457 2160 2541 atque
2215 2448 2344 2519 hae
2399 2445 2822 2539 cogitatione
2857 2444 3008 2523 No-

885 2567 995 2641 bis
1032 2576 1420 2664 temperare
1474 2588 1613 2644 non
1669 2588 2062 2661 possumus,
2099 2568 2264 2662 quin
2312 2567 2386 2637 in
2423 2562 2672 2642 Vestro
2725 2570 3006 2664 amplis·

884 2689 1059 2762 simo
1112 2702 1321 2764 coetu
1352 2737 1375 2775 ,
1434 2684 1760 2762 Nostram
1815 2709 1982 2780 erga
2037 2709 2162 2762 eos
2223 2709 2470 2760 omnes
2533 2689 3004 2782 gratissimam

884 2811 1315 2886 voluntatem
1346 2857 1367 2894 ,
1424 2811 1713 2884 solemni
1769 2820 1843 2880 et
1899 2808 2172 2900 publiea
2225 2806 2734 2900 significatione
2789 2811 3006 2904 profi-

884 2940 1147 3015 tenteS,
1204 2927 1427 3004 Deum
1482 2932 1692 3002 enixe
1729 2929 2212 3022 adprecemur,
2251 2940 2328 3000 ut
2384 2928 2702 3019 probatio
2753 2951 3000 3006 eorum

881 3049 1041 3125 fidei
1096 3053 1319 3125 multo
1370 3049 1742 3143 pretiosior
1795 3071 1972 3122 auro
2006 3096 2027 3132 ,
2084 3045 2536 3121 inveniantur
2593 3049 2664 3120 in
2717 3048 3000 3124 laudem

879 3181 950 3246 et
1006 3173 1301 3265 gloriam
1350 3185 1429 3246 et
1479 3173 1820 3244 honorem
1853 3219 1874 3254 ‚
1934 3171 2009 3242 in
2089 3169 2516 3242 revelatione
2576 3165 2734 3244 lesu
2783 3165 3004 3244 Chri-

880 3293 973 3366 sti
1025 3287 1157 3390 (1).
1216 3279 1537 3364 Miseram
1590 3291 1844 3366 deinde
1899 3291 2110 3363 etiam
2167 3302 2270 3364 tot
2323 3290 2691 3364 hominum
2743 3292 3000 3364 condi-

880 3412 1145 3488 tionem
1200 3413 1611 3504 cogitamus,
1669 3412 1792 3504 qui
1851 3433 1890 3482 a
1944 3412 2066 3486 via
2121 3412 2447 3483 veritatis
2504 3423 2574 3484 ct
2629 3411 2938 3486 iustitiae
2969 3460 2996 3498 ,

876 3533 1172 3628 ideoque
1231 3555 1443 3606 verae
1494 3532 1856 3606 felicitatis
1889 3528 2170 3624 decepti
2209 3530 2568 3616 aberrant,
2608 3553 2998 3628 eorumque

880 3655 1091 3728 saluti
1144 3674 1345 3748 opem
1400 3653 1647 3726 afferre
1701 3652 2054 3725 desiderio
2109 3651 2612 3738 desideramus,
2653 3673 3000 3728 memores

878 3767 1117 3848 Divini
1156 3771 1647 3866 Redemptoris
1687 3785 1758 3846 et
1795 3766 2108 3864 Magistri
2143 3764 2380 3846 Nostri
2417 3770 2608 3858 lesu,
2645 3775 2766 3868 qui
2797 3774 3004 3867 venit

877 3915 1214 3990 quaerere
1248 3907 1324 3968 et
1362 3894 1639 3966 salvum
1678 3894 1908 3966 facere
1957 3892 2140 3986 quod
2177 3891 2502 3988 perierat.
2560 3889 2998 3970 Intendimus

878 4024 1245 4108 praeterea
1300 4013 1538 4090 oeulos
1590 4013 1666 4084 in
1705 4013 1836 4086 hoe
1877 4003 2226 4110 Principis
2263 4010 2760 4108 Apostolorum
2811 4006 3000 4092 Tro·-

1036 4389 1116 4482 (1)
1158 4391 1187 4464 1
1230 4393 1405 4467 Petr.
1448 4391 1513 4482 1,
1555 4391 1616 4466 7.
