3292 5275
2239 487 2400 571 247

288 622 361 699 S.
418 625 509 701 E.
566 622 655 699 R.
716 621 1206 702 cardinalibus
1268 638 1505 701 notam
1576 627 1870 703 iacimus
1937 629 2396 723 peculiarium

288 768 527 823 rerum
554 768 733 841 quas
768 749 1079 821 breviter
1107 750 1467 841 attigimus
1503 752 2043 843 expositionem,
2077 749 2149 821 id
2185 746 2398 823 Nobis

286 880 653 962 praeterea
718 878 1099 955 sumenteS,
1156 880 1237 943 ut
1286 868 1457 943 alias
1536 870 1934 943 uberiorem
2011 890 2398 943 sermonem

284 988 764 1063 instituamus,
804 986 1083 1062 Interea
1137 989 1678 1083 omnipotentem
1713 986 1940 1065 Deum
1978 990 2270 1063 fervidis
2306 1012 2391 1065 ac

284 1130 425 1183 non
484 1110 899 1183 intermissis
937 1110 1259 1203 precibus
1312 1109 1792 1195 obsecremuS,
1831 1120 1912 1183 ut
1956 1110 2398 1184 inimicorum

282 1226 703 1304 Nostrorum
758 1239 1031 1304 mentes
1085 1231 1466 1330 illuminet,
1523 1252 1666 1324 quo
1741 1230 2070 1303 desinant
2134 1230 2400 1305 animas

284 1373 449 1425 suas
488 1352 1125 1425 ecclesiasticarum
1161 1372 1615 1425 censurarum
1644 1353 1914 1445 laqueis
1952 1352 2026 1423 in
2056 1353 2208 1425 dies
2243 1374 2398 1425 ma-

282 1473 391 1562 gis
430 1470 893 1563 obstringere,
925 1483 997 1545 ct
1038 1472 1422 1545 terribilem
1452 1468 1583 1545 Dei
1622 1473 1936 1546 viventis
1963 1492 2044 1543 ac
2084 1470 2394 1545 videntis

282 1589 489 1677 iram,
547 1593 751 1665 cuius
788 1612 925 1663 non
981 1604 1091 1665 est
1126 1594 1249 1686 qui
1304 1592 1598 1685 effugiat
1636 1613 1951 1681 manum,
1989 1593 2063 1665 in
2099 1614 2175 1665 se
2216 1614 2398 1666 con-

281 1710 525 1784 citare.
565 1707 705 1785 Pro
759 1723 958 1805 parte
1014 1724 1247 1785 autem
1300 1707 1557 1785 Nostra
1610 1714 1964 1785 constanti
2021 1712 2256 1785 animo
2311 1736 2397 1785 ac

281 1831 684 1907 humilitate
737 1831 1051 1904 divinam
1108 1829 1545 1906 Maiestatem
1604 1852 2010 1915 exoremus»,
2055 1828 2402 1908 Immacu-

282 1952 433 2025 lata
469 1948 769 2047 Deipara
806 1965 877 2026 et
913 1950 1349 2027 Beatissimis
1376 1948 1740 2046 Apostolis
1777 1949 1992 2026 Petro
2029 1975 2114 2027 ac
2149 1948 2398 2027 Paullo

282 2072 863 2164 deprecatoribus
918 2073 1277 2157 adhibitis,
1318 2074 1531 2166 idque
1572 2093 1856 2163 agamus
1903 2084 2142 2146 sancta
2176 2070 2400 2145 innixi

282 2190 542 2267 fiducia
596 2214 681 2267 ea
736 2214 913 2288 quae
968 2192 1267 2287 petimus
1322 2191 1777 2286 impetrandi,
1819 2194 2144 2288 quoniam
2198 2194 2398 2269 iuxta

283 2322 394 2385 est
449 2308 791 2387 Dominus
846 2312 933 2387 iis
974 2317 1096 2409 qui
1156 2314 1492 2389 tribulato
1548 2325 1715 2389 sunt
1770 2314 2004 2401 corde,
2060 2336 2140 2387 ac
2178 2336 2396 2408 prope
2471 2354 2478 2361 ·

284 2443 395 2505 est
430 2434 759 2507 omnibus
814 2433 1295 2510 invocantibus
1348 2455 1511 2507 enm
1567 2433 1635 2505 in
1693 2434 2012 2507 veritate.
2073 2430 2230 2506 Tibi
2289 2436 2399 2507 in-

286 2554 523 2636 terim,
552 2553 805 2626 dilecte
832 2551 967 2626 Fili
996 2548 1275 2643 Noster,
1300 2574 1543 2648 pacem
1570 2562 1643 2627 et
1673 2551 1998 2646 gaudium
2029 2575 2068 2625 a
2097 2550 2397 2627 Domino

282 2668 543 2746 Nostro
580 2670 741 2749 lesu
778 2673 1057 2750 Christo
1110 2677 1593 2770 adprecanteS,
1632 2671 2106 2766 Apostolicam
2163 2670 2401 2748 Bene-

284 2793 667 2868 dictionem
720 2819 811 2872 ex
886 2796 1133 2872 intimo
1208 2798 1419 2872 corde
1494 2795 1882 2890 profectam
1951 2807 2402 2889 peramanter

284 2915 757 3008 impertimus.

495 3031 753 3109 Datum
787 3032 1053 3112 Romae
1090 3039 1279 3132 apud
1317 3035 1389 3110 S.
1431 3035 1718 3110 Petrum
1769 3039 1884 3110 die
1920 3029 2026 3110 29
2076 3033 2396 3132 Septem-

282 3158 429 3228 bris
466 3152 540 3227 S.
581 3151 893 3232 Michaeli
946 3153 1381 3252 Archangelo
1438 3181 1662 3232 sacra.
1721 3178 1836 3232 an.
1893 3154 2396 3254 MDCCCLXX

281 3273 737 3354 Pontificatus
784 3273 1023 3354 Nostri
1076 3277 1281 3354 Anno
1332 3276 1966 3374 vicesimoquinto.

929 3464 944 3475 ’
1078 3519 1283 3596 Plvs
1336 3519 1477 3596 PP.
1534 3519 1655 3596 lx.
