3292 5275
2257 483 2408 564 347

308 643 595 717 eemque
648 637 721 695 et
778 623 1103 696 iustitiam
1161 623 1487 698 reductas
1538 625 1611 694 iu
1667 637 1950 696 terram.
2003 618 2144 696 Vos
2181 635 2418 697 autem

306 745 491 836 quod
546 753 839 838 spectat,
881 739 1329 816 venerabiles
1366 739 1682 828 Fratres,
1725 745 1796 815 in
1837 745 1968 818 hoe
2007 729 2419 837 praesertim

306 865 611 937 animum
664 865 1003 936 intendite
1058 875 1132 936 et
1186 865 1409 948 vires,
1464 876 1546 935 ut
1600 865 1872 938 arctius
1907 884 2184 957 semper
2239 864 2421 936 inter

309 976 449 1055 Vos
502 985 851 1056 coniuncti
910 983 1289 1058 confertam
1330 984 1555 1056 veluti
1616 985 2028 1077 phalangem
2067 981 2420 1056 obiiciatis

306 1097 435 1175 Dei
492 1103 835 1187 hostibus„
892 1107 1015 1199 qui
1074 1100 1491 1191 Ecclesiam,
1548 1105 1742 1178 nulla
1797 1122 2104 1198 unquam
2159 1105 2236 1176 vi
2289 1104 2422 1176 de-

303 1225 729 1311 struendam,
768 1227 979 1300 novis
1034 1226 1259 1298 adhue
1318 1223 1587 1299 artibus
1614 1236 1688 1296 et
1715 1225 1976 1318 impetu
2007 1224 2422 1318 aggrediun-

305 1357 477 1431 tur3
533 1367 675 1438 quo
730 1345 1005 1418 facilius
1062 1358 1132 1418 et
1189 1346 1535 1418 efficacius
1588 1365 1834 1418 eorum
1887 1345 2206 1418 incursui
2245 1346 2426 1418 resi-

306 1477 489 1536 stere
544 1477 615 1538 et
670 1487 907 1540 eorum
960 1470 1235 1558 agmina
1292 1467 1583 1538 fundere
1640 1466 1949 1558 possitis.
2002 1459 2194 1537 Haeo
2238 1487 2420 1556 quae

304 1585 913 1658 vehementissime
970 1586 1449 1659 desideramus
1502 1597 1577 1658 et
1629 1587 1832 1658 enixe
1886 1587 2213 1678 petimu8‚
2280 1581 2422 1658 Vo-

304 1703 437 1790 bis,
493 1707 765 1800 totique
820 1708 1201 1780 catholicae
1259 1705 1559 1779 familiae
1615 1717 1766 1778 toto
1817 1708 2024 1780 eorde
2081 1707 2421 1800 adpreca-

303 1845 523 1912 mur3
576 1840 787 1920 atque
845 1828 1129 1900 iuterim
1186 1827 1535 1918 auspicem
1588 1827 2012 1918 optatissimi
2068 1839 2362 1900 eventus
2395 1874 2421 1906 ‚

303 1945 661 2041 divinique
724 1949 985 2019 favoris
1040 1943 1519 2040 Apostolieam
1574 1942 2176 2030 Benedictionem,
2219 1947 2424 2018 indu-

304 2067 489 2138 biam
540 2068 961 2160 praecipuae
1002 2067 1537 2140 benevolentiae
1568 2063 1892 2151 Nostrae,
1923 2069 2242 2162 gratique
2273 2069 2425 2140 ani-

304 2187 399 2257 mi
456 2199 735 2273 testem,
794 2190 1175 2280 unicuique
1231 2201 1579 2270 vestrum,
1616 2182 2072 2261 venerabiles
2109 2184 2418 2271 Fratres,

304 2303 651 2402 Gleroque
690 2321 763 2380 et
800 2311 1061 2401 populo
1120 2311 1249 2380 toti
1306 2310 1743 2403 singulorum
1779 2330 1993 2381 curae
2047 2309 2418 2382 commisso

304 2449 398 2500 ex
436 2430 577 2500 imo
614 2441 899 2520 pectore
938 2429 1425 2522 depromptam
1480 2439 1912 2522 peramanter
1965 2431 2416 2522 impertimus.

520 2543 776 2620 Datum
828 2545 1089 2622 Romae
1144 2549 1330 2643 apud
1370 2545 1445 2619 S.
1490 2545 1772 2622 Petrum
1825 2551 1942 2621 die
1991 2544 2074 2618 V.
2115 2543 2419 2640 Augusti

308 2672 489 2741 festo
508 2663 767 2741 Mariae
796 2666 869 2743 S.
902 2672 971 2741 in
1007 2666 1343 2763 Esquiliis
1366 2692 1545 2746 auno
1568 2666 2412 2744 DominiMDCCCLXXI.

554 2786 1017 2866 pontificatus
1067 2788 1295 2864 Nostri
1353 2788 1559 2865 Anno
1612 2787 2174 2865 Vioesimosexto.

1062 3148 1266 3225 Ptvs
1322 3148 1463 3224 ΡΡ.
1526 3148 1647 3223 ΙΧ.
