3292 5275
342 675 605 746 suaque
644 664 1057 745 separentur
1110 648 1465 738 Dioecesi,
1497 676 1581 725 ac
1620 654 1934 745 protinus
1974 649 2462 725 adiudicentur

339 770 655 845 Dioecesi
703 770 997 845 Metensi
1040 769 1213 844 haec
1267 794 1443 866 quae
1484 786 1875 866 sequuntur
1929 774 2086 844 loca
2151 794 2273 844 seu
2329 768 2466 845 Pa-

338 884 653 965 roeciae}
711 886 1046 965 videlicet
1074 888 1487 979 'Alhestrofss
1536 890 1796 965 Altroff
1847 904 1985 966 etc.
2029 890 2460 993 (sequuntur

340 1014 627 1091 nomina
684 1012 1061 1109 locorum).

553 1134 691 1208 Sed
720 1136 905 1207 enim
936 1136 1023 1206 ah
1052 1135 1299 1207 eadem
1334 1131 1764 1229 Nan‘ceyensi
1795 1130 2120 1207 Dioecesi
2151 1144 2468 1226 praeter·

340 1278 425 1331 ea
462 1255 848 1340 eximatur,
887 1268 961 1329 et
998 1267 1405 1328 secernatur
1454 1277 1535 1327 ea
1569 1276 1732 1348 pars
1774 1276 1915 1327 non
1955 1255 2270 1327 habitata
2319 1266 2464 1327 ter-

340 1378 568 1450 ritorii
640 1378 1065 1471 pertinentis
1120 1377 1207 1447 ad
1262 1373 1684 1465 Paroeciam'
1721 1387 2200 1468 nuncupatam
2243 1372 2467 1449 Raon

338 1494 439 1573 113³
490 1495 653 1570 lecu
673 1521 706 1581 ,·
764 1497 1223 1592 protinusque
1278 1498 1764 1589 incorporetur
1817 1492 2138 1594 Dioecesi
2195 1494 2466 1588 Argen-

341 1622 603 1692 tinensi
658 1642 779 1692 seu
836 1616 1393 1711 Strashurgensi,
1434 1630 1784 1711 quatenus
1840 1638 2092 1711 nempe
2132 1618 2466 1690 determi-

339 1742 567 1814 nanda
624 1742 759 1812 erit
813 1739 899 1812 ab
938 1732 1339 1832 Apostolico
1392 1736 1842 1834 Exequutore
1899 1738 2196 1814 inferius
2235 1740 2466 1830 depu-

344 1863 579 1935 tando.

1354 2044 1437 2121 V.

550 2219 799 2297 Itidem
855 2224 941 2296 ab
994 2222 1343 2296 ordinaria
1401 2223 1888 2296 iurisdictione
1951 2232 2166 2314 atque
2231 2222 2464 2295 admi-

338 2346 753 2418 nistratione
810 2339 895 2415 R·
956 2340 1036 2415 P.
1096 2339 1181 2416 D.
1242 2340 1585 2417 Ludovici
1644 2340 1908 2418 Mariae
1989 2339 2268 2435 losephi
2321 2338 2464 2415 Ga-

336 2477 564 2551 verot,
622 2465 936 2538 hodierni
992 2460 1323 2557 Episcopi
1380 2460 1738 2537 Ecclesiae
1823 2460 2068 2536 Sancti
2123 2460 2458 2549 Deodati,

338 2588 742 2662 eximantur
777 2586 1067 2682 eiusque
1106 2608 1147 2660 a
1188 2584 1513 2662 Dioecesi
1571 2584 2087 2681 disiungantur,
2127 2594 2276 2660 tum
2334 2604 2464 2657 au-

337 2720 479 2782 tem
538 2707 958 2782 adiiciantur
1011 2705 1328 2782 Dioeeesi
1372 2704 1872 2803 Argentinensi
1915 2729 2042 2780 seu
2097 2701 2460 2779 Strashur-

338 2832 533 2923 gensi
592 2831 769 2903 haee
826 2852 1003 2924 quae
1060 2837 1441 2925 sequuntur
1494 2835 1645 2904 loca
1688 2851 1812 2904 seu
1865 2827 2300 2916 paroeciam
2339 2830 2458 2904 vi-

338 2950 597 3022 delicet
654 2947 915 3036 SaaleS‚
956 2947 1470 3044 Bourghruche
1502 2963 1639 3024 etc.
1683 2949 2108 3050 (sequuntur
2163 2947 2454 3022 nomina

336 3065 707 3167 locorum).

1336 3255 1457 3334 vl.

550 3430 795 3504 Itidem
854 3434 943 3505 ah
982 3427 1337 3506 ordinaria
1390 3434 1866 3509 iurisdictione
1907 3444 2116 3530 atque
2153 3437 2460 3510 admini-

338 3555 674 3627 stratione
728 3551 811 3626 R.
851 3551 931 3626 P.
975 3551 1061 3626 D.
1106 3553 1433 3629 Andreae
1490 3552 1743 3643 nanas,
1799 3557 2116 3631 hodierni
2176 3553 2462 3650 Episco-

336 3677 405 3769 pi
465 3669 995 3764 Argentinensis
1050 3695 1177 3749 seu
1232 3671 1826 3768 Strasburgensis,
1883 3680 2306 3764 eximantur,
2343 3699 2462 3750 eo-

336 3795 633 3888 demque
710 3805 1019 3888 tempore
1076 3797 1165 3867 ab
1221 3795 1425 3868 illius.
1464 3795 1786 3870 Dioecesi
1865 3799 2333 3883 retrahantur,
2387 3811 2460 3871 et

334 3909 749 3988 Bisuntinae
804 3911 1355 3999 Archidioecesi',
1392 3919 1477 3992 ad
1516 3940 1724 4013 quam
1763 3930 1930 3993 ante
1983 3942 2246 3994 annum
2299 3924 2459 3995 mil-

334 4036 657 4108 lesimum
748 4033 1407 4128 octingentesimum
1490 4040 1882 4113 secundum
1965 4035 2408 4134 pertinebant
2429 4093 2452 4131 ,

334 4149 1091 4230 rursum.addi'cantur
1157 4159 1361 4242 haec,
1394 4155 1599 4252 'quae
1653 4174 2066 4254 sequuntur,
2121 4164 2279 4235 loca
2331 4183 2456 4236 sen

332 4276 743 4366 paroeciae:
803 4277 1137 4351 videlicet
1192 4273 1463 4352 Belfort
1490 4327 1511 4366 ,
1570 4275 2034 4370 Beauvsnars,
2099 4295 2234 4355 etc.
2309 4280 2456 4379 (se-

324 4405 656 4494 quantur
708 4395 997 4470 nomina
1019 4393 1425 4496 locorum).
1626 4400 1635 4409 '
2121 4429 2128 4437 ·
