3292 5275
874 515 981 599 98

874 655 1222 731 dinandae
1263 652 1581 730 Nostram
1636 653 2128 730 auctoritatem
2180 653 2414 732 adfore
2469 659 3018 752 pollicebamur.

874 773 1233 866 Quantam
1287 799 1463 851 vero
1516 799 1601 850 ex
1655 798 1740 849 eo
1797 789 2108 871 tempore
2163 779 2706 853 sollicitudinem
2759 801 3022 872 gesse-

874 900 1099 973 rimus
1154 899 1241 970 de
1297 893 1812 982 Orientalibus,
1869 921 2098 991 quove
2153 899 2517 972 charitatis
2575 899 2826 974 affectu
2879 922 3020 974 eos

875 1019 1288 1116 prosequuti
1342 1016 1713 1102 fuerimuS,
1769 1014 1963 1090 Deus
2022 1017 2191 1092 scit:
2248 1043 2430 1113 quae
2485 1041 2658 1093 vero
2711 1041 2874 1094 eum
2927 1021 3020 1092 in

875 1139 1089 1212 finem
1168 1141 1768 1231 praestiterimuS,
1827 1159 2070 1212 omnes
2149 1153 2551 1226 noverunt,
2610 1143 2879 1214 utinam
2935 1153 3022 1214 et

878 1280 1118 1334 omnes
1173 1261 1305 1332 rite
1358 1259 1848 1353 intelligerent.
1907 1255 2172 1334 Verum
2229 1263 2811 1354 imperscrutabili
2869 1258 3014 1335 Dei

879 1385 1148 1460 iudicio
1203 1382 1469 1456 factum
1525 1393 1663 1466 est,
1723 1391 1804 1455 ut
1859 1381 2322 1474 expectationi
2379 1394 2448 1455 et
2504 1385 2692 1455 curis
2731 1379 3020 1455 Nostris

879 1527 994 1579 res
1048 1505 1338 1575 minime
1397 1501 1877 1596 responderint
1895 1521 1920 1590 3
1957 1515 2030 1574 et
2083 1504 2288 1575 modo
2353 1525 2494 1576 non
2547 1505 2822 1589 laetari,
2881 1525 3022 1576 ve-

880 1648 1034 1698 rum
1072 1625 1161 1698 ob
1197 1644 1460 1700 novam
1498 1622 2004 1709 calamitatem,
2045 1645 2180 1716 qua
2237 1625 2618 1697 nonnullae
2676 1645 3022 1717 premun-

881 1758 1000 1820 tur
1052 1741 1523 1817 Orientalium
1579 1739 1976 1830 Ecclesiae,
2033 1743 2270 1816 dolcre
2335 1745 2568 1836 potius
2625 1756 2832 1836 atque
2891 1745 3022 1816 in-

878 1868 1258 1964 gemiscere
1313 1865 1712 1936 debeamus.

983 1983 1060 2062 2.
1116 1980 1315 2073 Quod
1374 1985 1554 2056 enim
1602 1996 1849 2058 auctor
1904 1983 2065 2057 fidei
2123 1995 2196 2056 et
2249 1996 2770 2059 consummator
2807 1981 3024 2058 Chri-

882 2120 1035 2182 stus
1087 2104 1283 2180 Iesus
1340 2103 1479 2176 iam
1534 2115 1697 2177 ante
1755 2117 2290 2197 praemonuerat
2329 2097 2463 2203 (1),
2504 2107 2762 2177 multos
2819 2108 3025 2178 scili-

882 2241 995 2302 cet
1042 2228 1113 2300 in
1150 2229 1305 2300 eius
1353 2227 1637 2297 nomine
1694 2235 2033 2299 venturos
2091 2225 2212 2320 qui
2270 2225 2612 2311 dicerent,
2671 2247 2799 2320 ego
2857 2249 3021 2298 sum

883 2347 1237 2433 ChristuS,
1294 2357 1369 2420 et
1422 2349 1684 2420 multos
1739 2347 2186 2432 seducerent,
2245 2347 2316 2416 id
2371 2368 2496 2418 vos
2554 2347 2627 2419 in
2682 2369 3028 2440 praesen-

885 2469 981 2542 tia
1036 2469 1180 2562 pati
1235 2479 1448 2563 atque
1503 2467 1822 2560 experiri
1878 2467 2104 2540 coacti
2185 2467 2379 2540 estis,
2446 2463 2768 2563 Namque
2824 2491 3030 2541 com-

884 2592 1118 2664 munis
1184 2587 1465 2663 humani
1532 2590 1808 2680 generis
1871 2587 2095 2661 hostis
2160 2599 2232 2661 et
2283 2587 2655 2675 inimicuS,
2711 2590 3022 2663 excitato

888 2713 1112 2786 tribus
1153 2712 1405 2783 abhinc
1462 2710 1666 2783 annis
1723 2711 1796 2782 in
1851 2710 2026 2783 urbe
2064 2704 2854 2803 Constantinopolitana
2899 2734 3024 2783 no·-

888 2855 983 2910 νο
1040 2830 1412 2905 schismate
1481 2830 1667 2922 apud
1730 2826 2076 2902 Armenos
2111 2880 2130 2917 ,
2189 2842 2384 2903 totus
2442 2832 2514 2900 in
2571 2850 2654 2902 eo
2711 2842 2870 2916 cst,
2937 2842 3022 2904 ut

888 2954 1237 3029 saeculari
1296 2951 1639 3045 sapientia
1682 2962 1752 3025 et
1791 2952 2146 3025 haeretico
2187 2972 2501 3024 sermone
2559 2961 2770 3045 atque
2831 2964 3024 3023 astu·

891 3087 1007 3148 tae
1062 3074 1327 3147 fraudis
1386 3073 1823 3157 subtilitate,
1882 3073 1958 3144 vi
2016 3074 2266 3156 etiam,
2324 3072 2493 3143 dum
2545 3070 2708 3142 licet
2742 3118 2763 3155 ,
2827 3072 3026 3145 adhi-

887 3196 1060 3277 bita,
1116 3195 1481 3267 subvertat
1536 3192 1770 3278 fidem,
1823 3193 2193 3265 veritatem
2249 3204 2682 3285 corrumpat,
2744 3194 3024 3265 scindat

892 3315 1263 3389 unitatem.
1346 3310 1565 3385 Cuius
1653 3314 2133 3386 simulationes
2198 3322 2267 3384 ct
2333 3312 2524 3385 dolos
2590 3314 2966 3405 deplorans
2999 3362 3022 3398 ,

892 3458 1168 3530 unaque
1224 3436 1553 3529 detegens
1610 3430 1685 3506 S.
1745 3429 2148 3527 Cyprianus
2206 3434 2434 3505 aiebat
2487 3428 2648 3532 (2);
2719 3460 2752 3503 α
2808 3430 3026 3527 Rapit

900 3576 933 3625 n
999 3553 1085 3624 de
1140 3552 1294 3644 ipsa
1340 3546 1664 3622 Ecclesia
1717 3549 2058 3634 homineS,
2099 3557 2170 3620 ct
2225 3548 2394 3622 dum
2449 3551 2580 3621 sibi
2639 3552 3030 3642 appropin-

902 3698 935 3741 ι
1000 3693 1243 3767 quasse
1300 3670 1437 3741 iam
1473 3672 1728 3742 lumini
1787 3682 2001 3764 atque
2057 3670 2370 3743 evasisse
2429 3672 2685 3742 saeculi
2742 3685 3028 3743 noctem

902 3820 936 3865 »
1001 3795 1379 3877 videntur,
1438 3793 1613 3863 alias
1685 3792 2159 3864 nescientibus
2223 3792 2552 3864 tenebras
2609 3813 2850 3864 rursus
2923 3791 3032 3862 in-

902 3940 936 3986 »
1004 3914 1283 3997 fundit,
1344 3923 1419 3983 ut
1474 3933 1635 3983 cum
1695 3912 2058 4006 evangello
2116 3909 2381 3984 Christi
2439 3924 2511 3985 et
2567 3934 2722 3983 cum
2779 3912 3034 3985 obser-

904 4058 937 4102 >v
1004 4032 1279 4105 vatione
1336 4030 1485 4103 eius
1549 4044 1619 4103 et
1685 4034 1834 4126 lege
1893 4054 2035 4104 non
2095 4046 2355 4106 stantes
2391 4082 2411 4119 ,
2471 4030 2895 4104 christianos
2955 4053 3032 4103 se

904 4176 939 4223 ι)
1003 4166 1289 4238 vocent,
1348 4162 1422 4225 et
1477 4154 1916 4226 ambulantes
1974 4152 2046 4225 in
2105 4154 2409 4232 tenebris
2464 4153 2719 4225 habere
2778 4174 2852 4223 se
2907 4153 3032 4226 lu-

1060 4318 1141 4401 (1)
1187 4318 1420 4383 matth.
1467 4316 1713 4382 xxlv.
1757 4316 1818 4383 5.

1061 4413 1145 4497 (2)
1186 4412 1328 4478 Lib.
1374 4414 1453 4477 de
1498 4410 1672 4479 unit.
1715 4430 1784 4482 n.
1824 4411 1888 4478 3.
