3292 5275
2271 465 2424 554 163

315 608 654 704 quidquid
711 621 1030 701 paratam
1066 659 1086 693 ‚
1145 610 1420 708 plenam
1450 658 1471 694 ,
1529 608 2059 700 absolutamque
2113 608 2429 683 devotio-

313 753 476 803 nem
533 730 720 823 sapit
776 733 1054 823 placitis
1111 754 1192 804 ac
1247 733 1532 803 monitis
1589 731 1799 803 buius
1834 725 2132 803 Sanctae
2170 725 2428 820 Sedis;

315 855 434 927 vix
471 855 684 925 aliter
722 853 806 925 de
847 854 1000 945 ipsa
1039 852 1228 946 loqui
1277 874 1482 949 quam
1533 854 1620 926 de
1660 848 1973 925 Romana
2010 847 2223 924 Curia
2244 873 2269 939 3
2306 853 2430 923 im·

304 974 731 1067 prudentiae
819 975 1080 1067 passim
1147 974 1262 1047 vel
1329 972 1949 1068 inopportunitatis
2026 971 2429 1045 insimulare

307 1096 467 1169 eius
518 1105 704 1183 acta3
733 1089 1422 1183 Ultramontanorum
1481 1106 1601 1167 aut
1659 1089 2081 1166 Iesuitarum
2126 1095 2433 1187 appella-

318 1216 580 1287 tionem
664 1217 988 1307 affingere
1065 1215 1590 1286 studiosioribus
1621 1224 1721 1293 ,et
1774 1212 2429 1306 obsequentioribus

311 1336 464 1407 eius
521 1334 742 1421 filiis3
803 1334 1214 1427 inflatosque
1271 1334 1640 1425 superbiae
1698 1344 1911 1405 vento
1947 1332 2433 1423 prudentiores

311 1475 390 1527 se
444 1454 566 1527 illa
631 1474 946 1533 censere,
983 1456 1098 1527 cui
1155 1452 1508 1547 peculiare
1548 1464 1620 1523 et
1658 1474 1961 1546 perenne
2018 1450 2430 1543 promissum

315 1576 453 1647 fuit
508 1575 831 1647 divinum
887 1576 1254 1647 auxilium.
1288 1570 1430 1646 Vos
1469 1574 1727 1667 itaque,
1768 1568 2025 1645 Dilecti
2063 1568 2253 1657 Filii,
2286 1594 2438 1645 me-

311 1696 688 1779 mineritiS,
749 1695 840 1767 ad
895 1691 1284 1767 Romanum
1338 1716 1612 1787 quoque
1668 1690 2106 1779 Pontificem,
2152 1694 2273 1785 qui
2331 1694 2436 1765 di-

315 1816 479 1887 vina
517 1814 678 1888 vice
731 1816 1048 1905 fungitur
1087 1816 1160 1885 in
1199 1816 1434 1901 terriS,
1474 1815 1829 1906 pertinere
1864 1816 2089 1907 quoad
2128 1834 2212 1885 ea
2256 1836 2435 1907 quae

294 1934 552 2019 iidem,
589 1957 816 2007 mores
871 1932 1234 2007 Ecclesiae
1291 1936 1602 2029 regimen
1658 1946 2003 2026 spectant,
2044 1933 2213 2006 illud
2250 1934 2435 2027 quod

313 2056 402 2129 de
437 2078 510 2129 se
555 2058 710 2148 ipso
737 2053 1056 2128 Christus
1097 2032 1645 2153 affirmavit,qui
1680 2077 1957 2127 mecum
1996 2076 2137 2127 non
2173 2052 2439 2151 colliyit

311 2174 586 2273 sparqit
607 2198 642 2257 ‚·
699 2174 1104 2269 sapientiam
1159 2174 1418 2249 idcirco
1472 2187 1775 2248 vestram
1832 2197 2105 2247 omnem
2169 2177 2438 2248 consti-

317 2297 506 2369 tuite
565 2295 636 2367 in
689 2296 1010 2369 absoluto
1087 2296 1422 2391 obsequio
1476 2294 1865 2389 libentique
1928 2306 2000 2367 et
2072 2306 2435 2369 constante

315 2416 736 2489 adhaesione
785 2416 940 2487 huic
978 2411 1170 2489 Petri
1201 2412 1619 2500 Catbedrae,
1652 2436 1813 2488 nam
1850 2416 2195 2487 habentes
2232 2438 2439 2489 eum—

314 2536 474 2611 dem
513 2538 844 2629 spiritum
883 2536 1048 2607 fidei
1087 2539 1186 2609 sic
1223 2538 1516 2629 perfecti
1553 2538 1755 2610 eritis
1803 2558 2043 2611 omnes
2086 2538 2157 2609 in
2195 2538 2437 2611 eodem

317 2679 533 2732 sensu
589 2669 662 2730 et
715 2656 788 2730 in
826 2659 1074 2732 eadem
1113 2659 1486 2746 sententia,
1519 2660 1620 2732 sic
1658 2659 1999 2732 unitatem
2042 2660 2234 2730 illam
2273 2675 2442 2735 con-

320 2777 734 2860 firmabitis,
789 2801 974 2872 quae
1029 2775 1390 2852 Ecclesiae
1445 2781 1765 2854 hostibus
1818 2791 1928 2852 est
1980 2780 2438 2872 opponenda,

317 2899 422 2972 sic
449 2899 812 2972 charitatis
842 2921 1082 2992 opera,
1107 2921 1289 2994 quae
1318 2901 1755 2994 suscepistis,
1782 2901 2261 2990 acceptissima
2290 2895 2439 2974 Deo

315 3017 590 3092 facietis
645 3031 715 3092 et
771 3021 1136 3093 utilissima
1190 3023 1552 3112 proximis,
1613 3021 1713 3094 sic
1770 3022 2035 3094 afflicto
2072 3021 2157 3090 ab
2194 3017 2439 3094 Eccle-

319 3142 466 3214 siae
523 3142 726 3242 malis
783 3145 1016 3216 animo
1071 3138 1327 3217 Nostro
1385 3163 1633 3216 verum
1698 3143 2008 3216 offeretis
2082 3142 2436 3216 solatium..

315 3257 582 3336 Efficax
637 3265 941 3336 caeleste
980 3262 1326 3338 auxilium
1363 3273 1438 3336 et
1475 3263 1751 3355 copiosa
1788 3284 2133 3356 supernae
2168 3262 2435 3356 gratiae

311 3403 608 3456 munera
662 3382 864 3458 vobis
917 3385 1004 3457 ad
1059 3383 1192 3456 hoc
1227 3383 1687 3478 adprecarnur
1710 3405 1737 3471 3
1773 3401 2155 3478 corumque
2194 3383 2457 3476 auspir·

318 3523 468 3576 cem
505 3516 578 3576 et
613 3515 946 3596 paternae
983 3499 1274 3578 Nostrae
1329 3503 1857 3578 benevolentiae
1903 3505 2153 3598 pignus
2189 3504 2433 3589 vobiS,

320 3621 576 3698 Dilecti
635 3621 824 3714 Filii,
863 3621 1432 3698 Benedictionem
1471 3605 1944 3720 Apostolicam
2001 3633 2445 3719 peramanter

316 3745 786 3838 impertimus,

225 3951 234 3959 ,
533 3863 802 3942 Datum
864 3865 1133 3941 Romae
1207 3869 1396 3958 apud
1465 3864 1540 3939 S.
1596 3862 1889 3940 Petrum
1942 3865 2053 3938 die
2108 3857 2159 3938 6
2211 3859 2449 3938 Martii

318 3981 526 4058 Anno
585 3979 822 4062 1873.
880 3984 1340 4062 Pontificatus
1395 3983 1636 4062 Nostri
1706 3982 1939 4060 Anno
1990 3981 2451 4060 vicesimose-

321 4105 566 4200 ptimo.

1090 4315 1297 4395 PIVS
1351 4317 1491 4396 ΡΡ.
1533 4315 1671 4394 ’ῙΧ.

1880 4485 1921 4568 1
1935 4484 2026 4567 1*
