3292 5275
863 472 969 555 44

861 614 1220 696 studeant,
1271 636 1360 687 ne
1411 637 1743 712 umquam
1796 638 2121 709 cogamur
2170 612 2311 691 Nos
2366 620 2483 691 vel
2520 640 2963 693 successores

861 730 1099 807 Nostri
1154 756 1278 828 pro
1335 731 1715 830 Apostolioi
1788 724 2155 811 ministerii
2208 737 2431 813 officio
2506 740 2743 824 alium,
2798 741 2967 813 licet

862 854 950 927 ab
987 853 1086 927 eis
1125 877 1270 929 non
1304 860 1757 951 propositum,
1808 860 2185 953 episcopali
2220 858 2551 952 dignitate
2588 881 2849 951 augere
2888 874 2963 933 et

863 974 1146 1049 vacanti
1225 972 1584 1050 Ecclesiae
1668 977 2071 1072 praeficere.
2132 974 2340 1066 Quod
2394 983 2456 1052 si
2538 982 2989 1074 quandoque.

864 1108 1146 1190 propter
1197 1099 1572 1171 instantem
1627 1103 2121 1174 necessitatem
2174 1110 2296 1173 aut
2352 1100 2629 1173 itineris
2662 1103 2985 1193 longitu-

861 1217 1093 1291 dinem
1155 1216 1470 1293 universi
1549 1216 1879 1314 Episcopi
1936 1220 2025 1293 ad
2083 1218 2422 1314 synodum
2488 1220 2594 1295 uti
2660 1242 2873 1315 supra
2926 1244 2968 1295 a

864 1333 1265 1411 Patriarcha
1317 1340 1655 1414 indictam
1692 1342 2020 1414 accedere
2058 1363 2201 1415 non
2240 1353 2603 1435 poterunt,
2646 1354 2791 1417 tres
2830 1346 2971 1417 sal-

865 1468 1009 1530 tem
1041 1456 1377 1553 Episcopi
1433 1462 1784 1555 propriam
1836 1463 2211 1535 dioecesim
2266 1482 2428 1535 cum
2475 1465 2967 1539 iurisdictione

864 1576 1234 1662 hahentes,
1292 1600 1436 1655 una
1491 1603 1653 1654 cum
1706 1593 2093 1655 memorato
2146 1578 2584 1667 Patriarcha‚
2638 1586 2717 1656 in
2768 1606 2965 1658 eam-

865 1698 1022 1771 dem
1073 1702 1420 1793 synodum
1481 1704 1765 1776 omnino
1830 1703 2287 1789 conveniant,
2343 1704 2749 1778 absentibus
2815 1716 2969 1779 ter-
2990 1770 3007 1787 ,

867 1820 1134 1895 nariam
1187 1844 1390 1896 suam
1443 1824 1988 1918 propositionem
2043 1826 2306 1916 scripto
2388 1810 2963 1915 significantibus.

863 1938 1206 2019 Volumus
1259 1956 1520 2030 autem,
1577 1956 1655 2016 ut
1710 1943 2041 2018 universa
2110 1956 2266 2018 acta
2331 1945 2641 2017 eiusdem
2721 1947 2971 2040 synodi

867 2065 956 2135 ad
1012 2067 1396 2157 praefatam
1448 2062 2073 2157 Congregationem
2126 2059 2593 2138 Orientalium
2624 2062 2973 2140 Ecclesia·-

868 2204 1026 2257 rum
1103 2187 1406 2277 negotiis
1485 2186 1957 2279 praepositam
2036 2206 2163 2278 per
2240 2180 2575 2258 Nostrum
2628 2198 2701 2259 et
2761 2185 2972 2262 huius

867 2301 1170 2379 Sanctae
1225 2302 1426 2381 Sedis
1479 2308 1554 2380 in
1609 2302 2107 2401 Mesopotamia
2162 2302 2633 2400 Apostolioum
2678 2304 2975 2401 Delega-

869 2438 1024 2497 tum
1080 2430 1668 2510 transmittantur,
1722 2440 1803 2502 ut
1856 2426 2168 2521 diligenti
2222 2429 2528 2519 primum
2577 2430 2841 2503 trutina
2878 2432 2975 2505 ab

867 2546 1114 2619 eadem
1193 2544 1741 2644 Congregatione
1795 2570 2129 2643 expensa,
2188 2548 2471 2619 demum
2544 2542 2797 2622 Nostro
2850 2553 2975 2623 vel

868 2664 1362 2744 Successorum
1413 2665 1825 2744 Nostrorum
1890 2669 2146 2744 iudicio
2230 2667 2715 2743 subiiciantur.
2770 2667 2972 2744 Hane

867 2810 1040 2862 vero
1093 2792 1490 2864 methodum
1521 2791 1596 2862 in
1627 2792 1971 2864 electione
2024 2793 2335 2864 omnium
2364 2800 2437 2862 et
2462 2809 2973 2884 quorumcum-

868 2932 1003 3006 que
1039 2907 1536 3005 Episcoporum
1592 2913 1667 2983 in
1706 2909 2179 3006 Babylonensi
2215 2906 2575 2986 Chaldaici
2620 2913 2797 2986 ritus
2848 2933 2977 3007 pa-

871 3033 1259 3105 triarchatu⁴
1309 3032 1656 3126 perpetuis
1711 3033 1969 3107 futuris
2026 3032 2454 3126 temporibus
2504 3035 2777 3107 omnino
2816 3055 2971 3107 ser-

868 3155 1022 3226 vari
1079 3140 1427 3228 iubemus,
1533 3181 1540 3218 :

1077 3269 1230 3345 vll.
1269 3269 1362 3346 Ut
1398 3285 1657 3358 autem,
1696 3275 1886 3346 omni
1922 3275 2209 3347 excluso
2246 3269 2615 3347 Laicorum
2652 3273 2974 3361 arbitrio,

871 3408 1056 3470 sarta
1085 3405 1284 3470 tecta·
1297 3393 2037 3470 serventurEcclesiae
2068 3395 2281 3480 bona,
2304 3417 2487 3488 quae
2516 3415 2823 3468 canones
2840 3386 2979 3494 (1),

869 3519 944 3590 in
999 3527 1346 3611 potestate
1423 3537 1773 3590 sacrorum
1848 3512 2266 3588 Antistitum
2328 3535 2485 3589 esse
2540 3517 2978 3604 voluerunt3

868 3650 1076 3734 atque
1130 3649 1211 3712 ut
1267 3640 1546 3730 regulae
1604 3637 1695 3711 ab
1748 3636 1999 3708 iisdem
2050 3636 2441 3710 canonibus
2496 3627 2601 3735 (2)
2658 3637 2975 3709 sancitae

869 3762 963 3834 ad
1011 3762 1412 3853 diligentem
1471 3757 1879 3834 eorumdem
1951 3758 2294 3833 honorum
2368 3757 2979 3830 conservationem

1028 4059 1110 4142 (1)
1153 4057 1308 4126 Can.
1335 4058 1563 4143 Aplor.
1587 4055 1954 4124 xxxvnl.
1980 4055 2225 4124 conca.
2250 4055 2545 4122 Antion..
2572 4013 2975 4120 can.xx1v'.

871 4149 1017 4229 Χὶζ.
1063 4153 1310 4220 Concil.
1355 4151 1678 4236 Gangren.
1724 4169 1866 4217 can.
1915 4150 2062 4217 vll.

871 4299 990 4409 ὦ
1029 4246 1398 4408 &loomm-
1431 4247 1821 4314 Chalcedon.
1854 4265 1995 4311 ean.
2028 4245 2265 4311 XXVI.
2298 4243 2549 4313 Concil.
2592 4243 2859 4312 Nicaea.
2892 4241 2977 4310 11.
