3292 5275
894 652 1140 728 litibus
1205 655 1354 726 suis
1427 652 1755 727 adhibuit
1824 651 2226 726 irretiendis
2288 647 2787 746 PrincipibuS,
2850 653 3039 726 alios

895 776 1437 867 corrumpendae
1493 774 1831 846 scientiae
1888 773 2366 867 vitiandisque
2426 775 2815 846 iuventutis
2875 777 3033 847 ani-

897 897 1029 966 mis
1085 894 1153 966 in
1212 894 1610 987 gymnasiis,
1652 895 1827 966 alios
1886 894 2303 988 decipiendo
2356 895 2621 986 populo
2668 915 2797 987 per
2832 915 3039 966 com-

895 1017 1252 1089 mentitias
1306 1016 1638 1087 historiae
1708 1018 2192 1098 narrationeS‚
2251 1013 2567 1099 fabulas,
2608 1015 3033 1106 ephemeri-

899 1141 1054 1222 des,
1109 1139 1404 1212 nefarias
1460 1139 1980 1220 cantiunculaS‚
2042 1138 2373 1211 ridiculas
2428 1151 2501 1208 et
2560 1137 2809 1232 impias
2852 1139 3046 1209 ima-

900 1265 1117 1355 gines,
1158 1266 1333 1335 alios
1389 1262 1687 1354 publicis
1742 1260 2051 1351 negociis
2106 1239 2565 1352 impediendis
2606 1281 2687 1332 ac
2726 1261 3047 1334 subver-

903 1385 1130 1456 tendis
1185 1405 1304 1475 per
1362 1383 1578 1454 officia
1636 1383 1720 1452 iis
1778 1383 2040 1466 credita
2067 1404 2097 1470 3
2152 1383 2403 1463 donec,
2465 1381 2721 1489 ubique
2796 1393 3044 1455 terra-

903 1527 1060 1576 rum
1120 1518 1492 1599 propagato
1548 1505 2097 1599 perturbationis
2156 1489 2535 1588 fer-mente,
2562 1525 2841 1576 summa
2886 1505 3043 1600 ipsa

903 1635 1243 1720 potestate
1302 1625 1507 1719 potiri
1563 1626 1832 1713 valuit,
1890 1636 1959 1697 et
2017 1646 2390 1716 regnorum
2446 1625 2631 1698 vires
2696 1629 2815 1697 vel
2874 1649 3039 1699 avo*

905 1768 1064 1818 care
1121 1748 1208 1817 ab
1263 1743 1614 1819 Ecclesiae
1670 1748 1917 1830 tutela,
1962 1747 2073 1818 vel
2127 1747 2339 1816 etiam
2396 1747 2469 1817 in
2526 1748 2681 1820 eius
2738 1747 3041 1820 exitium

904 1880 1344 1943 convertere.
1381 1865 1634 1957 Verum
1668 1871 1753 1942 'si
1793 1871 2181 1940 inferorum
2233 1887 2444 1958 opera
2484 1889 2847 1963 nunquam
2888 1871 3050 1942 diu·

906 1990 1216 2062 turniore
1271 2001 1340 2060 et
1393 1991 1757 2062 callidiore
1812 1988 2049 2062 studio
2106 1997 2379 2060 structa
2440 1990 2565 2060 fuit
2622 2003 2738 2060 aut
2798 1992 3050 2062 formi-

907 2111 1256 2184 dolosiore
1315 2110 1586 2203 prodita
1645 2121 2053 2202 apparatu3
2108 2129 2473 2202 nunquam
2529 2113 2747 2182 etiam
2804 2115 3052 2203 splen-

907 2232 1135 2303 didius
1195 2231 1675 2305 eonfirmatum
1728 2231 1859 2302 fuit
1914 2233 2241 2304 divinum
2296 2234 2721 2304 oraculum:
2774 2249 3047 2332 portae

909 2353 1127 2454 inferi
1178 2375 1318 2426 non
1366 2349 1904 2452 praevalebunt.
1942 2349 2037 2424 Et
2094 2374 2260 2425 sane
2300 2349 2561 2426 Christi
2592 2349 2863 2427 Vicarii
2903 2379 3045 2430 vox

912 2499 1275 2571 nunquam
1333 2477 1543 2547 altius
1598 2487 1671 2546 et
1726 2473 2073 2548 efficacius
2129 2475 2511 2548 universae
2574 2475 2885 2548 familiae
2941 2500 3053 2549 ca-

911 2597 1210 2670 tholicae
1267 2599 1606 2682 intonuit,
1645 2619 1859 2691 quam
1916 2607 2287 2691 postquam
2340 2596 2527 2669 civili
2582 2598 2861 2671 ditione
2922 2621 3049 2673 sua

916 2720 1248 2814 spoliatus
1303 2720 1468 2806 fuit,
1505 2730 1576 2790 et
1631 2720 1702 2789 in
1758 2718 2065 2791 hostium
2122 2714 2414 2790 suorum'
2468 2730 2819 2810 potestate
2880 2742 3053 2792 con-

917 2842 1230 2923 stitutuS,
1280 2864 1366 2913 ne
1421 2840 1712 2914 liberam
1769 2862 2059 2913 exerere
2115 2842 2389 2912 valeret
2445 2838 2623 2911 sacri
2683 2842 3051 2933 regiminis

915 2946 1286 3062 actionem.
1332 2956 1693 3056 Episcopi,
1736 2974 2099 3057 postquam
2156 2982 2353 3033 sacra
2410 2962 2569 3033 iura
2610 2985 2651 3035 a
2688 2962 2865 3037 laica
2928 2986 3055 3055 po·

913 3084 1165 3157 testate
1215 3075 1552 3176 usurpata
1593 3082 1950 3169 viderunt,
1992 3092 2400 3177 spretusque
2461 3076 2828 3155 Ecclesiae
2870 3086 3053 3178 leges

904 3188 1010 3306 ‘ab'
1041 3207 1127 3298 iis
1165 3206 1280 3301 qui
1324 3206 1387 3275 ei
1448 3203 1733 3290 subesse
1792 3204 2074 3289 debent,
2110 3204 2371 3293 arctius
2432 3204 2623 3273 inter
2679 3225 2753 3275 se
2817 3203 3057 3277 coive-

911 3320 1426 3427 'runt,⁴firmius
1486 3318 1901 3398 restiterunt
1957 3325 2201 3422 iniqua
2256 3322 2829 3416 imperantibus,
2890 3348 3057 3417 pro-

903 3430 1399 3553 jculcatamque
1458 3447 1947 3539 auctoritatem
1988 3446 2235 3529 verbo,
2272 3444 2556 3536 scripte,
2604 3444 2806 3517 factis
2847 3468 3055 3541 egre—

907 3570 1025 3670 jgie
1081 3568 1554 3639 vindicarunt.
1615 3560 1869 3659 Populi
1940 3568 2337 3659 potentium
2400 3564 2728 3659 placitis,
2790 3566 3051 3650 minis,

920 3686 1280 3771 violentia,
1316 3686 1555 3781 poenis
1588 3686 1903 3787 oppressi
1940 3697 2331 3761 erexerunt
2368 3688 2661 3773 animos,
2694 3690 3053 3780 propriam

921 3808 1311 3912 religiosam
1366 3810 1759 3881 libertatem
1819 3821 2375 3907 propugnarunt,
2419 3806 2625 3881 fldem
2684 3828 2887 3879 suam
2948 3808 3051 3878 di—

905 3910 1106 4011 serte
1162 3929 1453 4021 professi
1509 3933 1830 4013 fuerunt,
1897 3933 2301 4027 omniaque,
2334 3932 2465 4025 ipsi
2514 3952 2590 4002 se
2629 3929 3049 4022 posthabere

906 4031 1515 4123 demonstrarunt.
1569 4048 1801 4145 Atque
1858 4054 1958 4125 ita
2014 4054 2179 4123 dum
2236 4040 2475 4142 omnes
2534 4052 3049 4123 adhibebantur

917 4183 1104 4254 ⁵artes
1161 4170 1247 4242 ad
1303 4173 1775 4263 seiungendos
1830 4172 2125 4267 populos
2184 4195 2222 4244 a
2278 4167 2690 4245 Pastoribus
2746 4182 2823 4242 et
2880 4174 3049 4243 istos

926 4268 1193 4397 abs-hac
1245 4286 1440 4364 Petri
1499 4293 1827 4386 cathedra
1882 4294 2385 4391 delendamque
2452 4290 2549 4364 sic
2606 4286 3051 4366 Ecclesiam}

925 4410 1184 4485 factum
1237 4425 1521 4528 est,·ut
1576 4418 1813 4487 unitas
1867 4415 2019 4487 eius
2075 4425 2146 4486 et
2204 4410 2404 4509 vigor
2458 4414 2683 4487 multo
2738 4412 3049 4508 splendi-
