3292 5275
1246 448 1268 486 l

2250 503 2414 598 223

281 644 722 730 mandamus,
779 643 1268 730 decernentes,
1322 645 1442 718 bas
1499 657 1903 738 praesentes
1942 641 2281 732 Litteras,
2338 659 2413 724 et

281 764 510 837 omnia
564 766 668 838 eis
723 776 1056 840 contenta
1090 813 1110 850 ,
1169 788 1254 838 ac
1305 767 1592 838 decreta
1657 787 2143 860 quaecumque
2210 769 2411 842 nullo

283 907 594 980 unquam
650 895 970 978 tempore
1017 888 1110 962 de
1165 887 1594 978 obreptionis
1625 887 2228 980 ,subreptioniffi
2288 898 2412 961 aut

281 1007 624 1080 nullitatis
680 1008 857 1080 vitio
891 1055 912 1092 ,
971 1031 1054 1080 ex
1108 1029 1546 1102 quacumque
1599 1029 1861 1092 causa,
1920 1010 2127 1083 etiam
2184 1009 2415 1101 privi-

278 1127 724 1222 legiatissima
757 1176 780 1213 ,
837 1131 952 1204 vel
1005 1153 1086 1202 ex
1139 1130 1685 1214 consuetudine,
1738 1131 1905 1202 licet
1964 1129 2423 1204 immemora-

279 1248 396 1320 bili
430 1296 451 1333 ,
511 1252 624 1321 vel
678 1273 767 1323 ex
820 1253 1076 1344 quovis
1159 1251 1296 1323 alio
1350 1254 1584 1344 capite
1617 1299 1637 1334 ,
1698 1250 1917 1324 etiam
1980 1253 2055 1324 in
2110 1273 2411 1344 corpore

279 1371 456 1445 iuris
512 1375 774 1456 clauso,
833 1393 868 1442 a
925 1373 1206 1445 nemine
1262 1373 1639 1447 cuiuslibet
1693 1371 2111 1444 conditionis
2164 1383 2239 1445 et
2318 1371 2423 1444 di-

281 1494 564 1584 gnitatis
597 1541 617 1576 ,
673 1492 886 1566 etiam
941 1489 1206 1584 Regiae
1263 1505 1336 1568 et
1391 1492 1782 1586 imperialis
1838 1491 2136 1576 notari,
2194 1493 2421 1585 impu-

273 1616 526 1708 gnari,
580 1626 700 1686 aut
757 1614 930 1687 alias
990 1615 1307 1708 infringi,
1366 1614 1730 1707 suspendi,
1788 1613 2107 1696 limitari,
2169 1613 2281 1684 vel
2344 1613 2416 1682 in

277 1733 824 1808 controversiam
880 1729 1122 1809 voc‘ari
1186 1758 1414 1826 posse,
1453 1735 1576 1808 sed
1637 1757 1909 1828 semper
1962 1733 2229 1820 firmaS,
2290 1755 2420 1805 va·-

277 1855 490 1943 lidus,
543 1867 614 1926 et
665 1858 988 1928 efficaces
1043 1854 1342 1928 existere
1399 1869 1468 1928 et
1523 1858 1711 1938 fore,
1770 1876 1912 1927 non
1972 1855 2415 1926 obstantibus

275 1974 726 2071 Apostolicis,
787 1976 1261 2067 generalibuS,
1301 1979 1414 2049 vel
1472 1975 1900 2069 specialibus
1954 1973 2417 2048 constitutio·-

273 2098 486 2169 nibus
541 2108 612 2168 et
667 2097 1260 2180 ordinationibuS,
1319 2118 1404 2168 ac
1457 2093 1735 2170 Nostris
1803 2105 1874 2168 et
1928 2089 2411 2167 Cancellariae

271 2215 718 2313 Apostolicae
777 2219 1035 2310 regulis
1075 2219 1496 2311 praesertim
1535 2215 1624 2291 de
1680 2217 1842 2290 iure
1894 2214 2210 2315 quaesito
2266 2235 2415 2286 non

273 2334 607 2425 tollendo,
665 2340 1104 2432 caeterisque
1141 2340 1355 2410 etiam
1401 2340 1691 2430 speciali
1748 2337 2117 2408 mentione
2171 2337 2411 2426 dignis

271 2466 650 2538 contrariis
705 2461 1276 2558 quibuscumque.
1336 2459 1610 2554 Quibus
1668 2464 1991 2538 omnibus
2051 2476 2125 2535 et
2178 2465 2417 2554 singu-

268 2589 362 2661 lis
417 2585 694 2661 illorum
751 2597 1024 2660 tenores
1081 2608 1203 2679 pro
1237 2589 1630 2680 expressis,
1670 2597 1743 2659 et
1794 2585 2229 2661 adverbum
2290 2586 2406 2657 in-

271 2709 478 2782 sertis
533 2708 897 2792 habentes,
957 2707 1090 2779 illis
1150 2708 1316 2779 alias
1374 2710 1448 2779 iu
1506 2732 1632 2781 suo
1690 2708 1939 2781 robore
1995 2729 2411 2801 permansu-

269 2828 396 2915 ris,
452 2830 538 2901 ad
595 2831 1127 2921 praemissorum
1181 2829 1506 2902 effectum
1567 2830 1949 2902 dumtaxat
2008 2830 2412 2921 specialiter

270 2959 348 3025 et
402 2971 736 3044 expresse
793 2951 1228 3041 derogamus.
1295 2946 1634 3023 Volumus
1697 2952 2006 3042 insuper,
2062 2963 2145 3025 ut
2202 2970 2409 3043 prae-

271 3072 582 3143 sentium
637 3066 1058 3143 Litterarum
1139 3074 1596 3165 transumptis
1632 3119 1654 3154 ,
1714 3074 1927 3143 etiam
1986 3070 2347 3163 impressis
2385 3119 2406 3156 ,

265 3212 483 3264 manu
538 3200 778 3262 tamen
834 3192 1130 3262 alicuius
1187 3186 1458 3262 Notarii
1515 3192 1779 3284 publici
1841 3192 2287 3285 subscriptis,
2336 3202 2411 3263 et

269 3311 502 3401 sigillo
558 3308 907 3383 Personae
975 3312 1045 3381 in
1101 3314 1584 3385 ecclesiastica
1668 3311 2004 3404 dignitate
2062 3312 2410 3384 constitu-

265 3439 386 3502 tae
441 3432 729 3504 munitis
767 3410 1357 3524 eadem‘prorsus
1415 3430 1588 3504 fides
1647 3432 1904 3524 ubique
1960 3414 2406 3520 adhibeatur,

263 3572 448 3645 quae
505 3551 668 3643 ipsis
724 3554 1212 3645 praesentibus
1268 3552 1749 3638 adhiberetur,
1808 3554 1867 3625 si
1927 3555 2155 3625 forent
2208 3553 2405 3627 exhi-

262 3674 459 3746 bitae
513 3676 625 3745 vel
681 3686 1040 3747 ostensae.

481 3788 666 3865 Nulli
723 3817 886 3887 ergo
943 3798 1232 3867 omnino
1316 3796 1687 3867 hominum
1769 3795 1979 3867 liceat
2032 3796 2213 3869 hanc
2270 3816 2403 3889 pa-

261 3916 502 4007 ginam
559 3910 968 3988 Nostrarum
1021 3917 1493 4001 extinctionis,
1549 3918 1981 4001 abolitioniS,
2044 3917 2405 3992 rescissio-

257 4038 398 4119 nis,
459 4036 909 4123 cassationiS,
967 4038 1370 4123 deletionis,
1429 4038 1931 4127 revocationis,
1991 4042 2397 4134 abrogatio-

257 4158 425 4243 nis,
481 4158 838 4243 mandati,
899 4158 1460 4243 interdictionis,
1520 4160 2017 4236 declarationis
2100 4174 2170 4234 et
2254 4184 2387 4235 vo-

257 4278 560 4352 luntatis
616 4280 1022 4370 infringere,
1061 4282 1179 4353 vel
1229 4301 1409 4353 ausu
1473 4282 1843 4355 temerario
1899 4284 2274 4357 contraire.
2316 4278 2395 4355 Si

258 4399 420 4493 quis
475 4408 712 4475 autem
763 4400 894 4475 hoc
950 4411 1302 4475 attentare
1348 4406 1899 4499 praesumpserit
1952 4404 2381 4499 indignatio-
