3292 5275
871 472 1018 559 130

865 638 904 685 ιι
965 623 1039 685 et
1093 610 1302 703 plena
1358 608 1701 683 charitate
1756 605 2111 699 suscipiet.
2160 630 2195 677 n
2257 600 2462 695 Quod
2500 617 2576 678 ιιι
2623 604 2995 697 piissimus

859 731 1046 809 Deus
1103 730 1466 824 indulgere
1523 729 1851 819 dignetur
1912 736 1987 801 et
2038 724 2182 801 Nos
2238 730 2313 801 in
2368 729 2763 801 humilitate
2828 748 2999 801 cor-

859 858 970 929 dis
1021 848 1257 925 Nostri
1333 850 1598 925 iamdiu
1664 851 1873 923 enixe
1930 850 2325 941 flagitamus
2357 898 2377 937 ‚
2434 862 2647 945 atque
2710 862 2789 924 nt
2850 868 3001 923 vos

857 975 1073 1053 etiam
1127 974 1311 1047 idem
1365 969 1671 1057 faciam,
1724 983 1797 1043 et
1852 972 2333 1045 desideramus
2386 983 2461 1044 et
2512 972 2875 1044 volumus.

965 1088 1097 1172 52.
1158 1089 1262 1166 De
1319 1102 1577 1176 cetero,
1613 1087 1794 1165 Ven.
1834 1087 2115 1167 Fratres
2168 1104 2243 1165 et
2295 1092 2537 1166 dilecti
2572 1088 2768 1178 Filii,
2806 1110 3003 1165 con-

859 1218 1208 1299 fortamini
1261 1217 1338 1289 in
1393 1210 1699 1287 Domino
1755 1224 1829 1289 et
1886 1214 1961 1287 in
2016 1215 2333 1307 potentia
2410 1214 2697 1289 virtutis
2768 1215 2994 1285 eius:

860 1342 1156 1437 accipite
1213 1346 1640 1411 armaturam
1682 1328 1815 1409 Dei
1852 1347 1932 1410 ιιι
1968 1336 2251 1429 possitis
2306 1346 2495 1411 stare
2546 1336 2617 1407 in
2670 1337 2787 1409 die
2840 1356 3001 1409 ma-

859 1468 928 1541 lo
949 1514 976 1553 ,
1028 1470 1384 1537 sumentes
1437 1458 1512 1531 in
1567 1455 1887 1531 omnihus
1942 1467 2217 1531 scutum
2268 1456 2490 1557 fidei3
2543 1478 2775 1553 neque
2830 1464 3003 1535 ani-

861 1606 1052 1663 mam
1103 1591 1408 1657 vestram
1489 1578 1759 1653 faciatis
1816 1579 2307 1673 pretiosiorem
2358 1600 2567 1673 quam
2621 1602 2772 1655 vos.
2832 1578 3003 1657 Me-

861 1714 1176 1783 mentote
1213 1697 1564 1775 Maiorum
1619 1710 2051 1785 vestrorum,
2098 1702 2223 1794 qui
2274 1703 2481 1774 exilia
2538 1715 2615 1776 et
2666 1726 2999 1780 carceres

861 1839 938 1903 et
991 1830 1218 1921 ipsam
1269 1832 1572 1897 mortem
1593 1830 1601 1835 '
1622 1824 1895 1916 perpeti
1948 1843 2091 1895 non
2150 1825 2591 1909 timuerunt,
2648 1838 2731 1899 ιιι
2784 1847 3003 1921 prae-

865 1950 1330 2025 clarissimum
1385 1965 1596 2019 verae
1631 1954 1711 2017 et
1746 1942 2134 2017 catholicae
2186 1944 2353 2017 fidei
2409 1946 2671 2023 donum
2726 1959 2799 2020 et
2852 1949 2999 2025 sibi

863 2084 938 2147 et
993 2071 1200 2147 vobis
1253 2076 1811 2140 conservarent:
1870 2064 2087 2158 probe
2156 2066 2343 2141 enim
2404 2068 2728 2143 sciebant
2759 2117 2782 2153 ‚
2840 2090 3003 2143 non

861 2194 1016 2267 illos
1045 2188 1424 2263 'timendos
1461 2206 1638 2287 ‘esse
1693 2186 1815 2279 qui
1868 2187 2201 2259 occidunt
2276 2210 2529 2283 corpus
2564 2236 2587 2275 ‚
2646 2192 2769 2263 sed
2824 2212 3001 2265 eum

863 2314 981 2410 qni
1035 2320 1270 2408 potest
1323 2320 1396 2382 et
1449 2308 1759 2381 animam
1812 2320 1887 2381 et
1940 2330 2197 2401 corpus
2252 2310 2545 2400 perdere
2598 2310 2673 2381 in
2730 2313 3003 2404 gehen-

867 2454 1057 2509 nam.
1115 2428 1416 2505 Omnem
1477 2427 1772 2525 proinde
1826 2428 2373 2504 sollicitudinem
2410 2444 2722 2505 vestram
2776 2436 3004 2527 proii-

867 2558 1010 2631 cite
1065 2554 1142 2626 in
1193 2548 1476 2642 Deum3
1529 2549 1659 2646 ipsi
1713 2550 1899 2623 enim
1954 2572 2125 2625 eura
2179 2563 2290 2625 est
2326 2554 2413 2625 de
2448 2555 2681 2637 vobis,
2716 2566 2791 2629 et
2848 2576 2999 2629 non

867 2680 1178 2774 patietur
1231 2697 1362 2748 vos
1417 2674 1681 2748 tentari
1732 2695 1942 2767 snpra
1980 2673 2049 2746 id
2085 2675 2275 2768 quod
2328 2675 2646 2769 potestis,
2702 2677 2831 2752 sed
2886 2681 3005 2751 fa·-

865 2803 1012 2874 ciet
1063 2819 1228 2872 cum
1283 2798 1676 2869 tentatione
1731 2808 2180 2888 proventum,
2218 2809 2297 2868 ut
2352 2799 2632 2892 possitis
2690 2798 3003 2872 sustine-

844 2943 976 2996 ·re.
1029 2917 1114 2992 In
1195 2937 1338 3013 quo
1409 2917 1825 2990 exultabitis
1914 2918 2267 2992 modicum
2350 2897 2545 2992 nunc
2606 2922 2663 2991 si
2718 2932 3003 3013 oportet

867 3041 1274 3118 contristari
1331 3041 1404 3112 in
1459 3039 1685 3114 variis
1738 3041 2249 3114 tentationibus
2280 3089 2301 3127 ‚
2354 3052 2433 3112 ιιι
2487 3041 2803 3132 probatio
2858 3063 3001 3116 ve-

869 3176 1060 3239 strae
1113 3159 1275 3235 fidei
1331 3161 1550 3235 multo
1623 3163 1995 3255 pretiosior
2048 3183 2223 3236 auro
2254 3210 2279 3248 ‚
2333 3161 2521 3255 quod
2578 3183 2705 3254 per
2758 3165 3001 3256 ignem

876 3285 1214 3380 probatur
1236 3330 1256 3369 ‚
1311 3282 1719 3355 inveniatur
1774 3283 1865 3354 ad
1928 3283 2211 3356 laudem
2264 3295 2337 3355 et
2394 3282 2682 3374 gloriam
2737 3294 2811 3356 et
2864 3284 3003 3355 bo-

870 3425 1117 3478 norem
1169 3406 1241 3475 in
1295 3404 1719 3476 revelatione
1776 3401 1935 3475 lesu
1990 3399 2280 3476 Christi.
2348 3399 2815 3478 obsecramus
2872 3406 3005 3478 de·

877 3523 1088 3621 nique
1142 3545 1272 3599 vos
1331 3547 1454 3617 per
1511 3545 1764 3598 nomen
1821 3525 2133 3596 eiusdem
2174 3520 2303 3596 Dei
2341 3537 2413 3597 et
2450 3521 2841 3601 Salvatoris
2880 3547 3007 3598 no-

873 3649 1026 3736 stri,
1081 3658 1162 3720 ut
1215 3645 1522 3742 idipsum
1575 3658 1645 3720 et
1700 3645 1953 3720 dicatis
2008 3657 2081 3720 et
2134 3647 2407 3722 faciatis
2460 3667 2735 3734 omneS,
2774 3661 2851 3722 et
2906 3649 3007 3718 si-

877 3771 966 3841 tis
1021 3770 1310 3864 perfecti
1369 3771 1446 3841 in
1501 3769 1751 3842 eodem
1804 3789 2013 3842 sensu
2068 3781 2143 3841 et
2194 3765 2263 3838 in
2316 3770 2567 3842 eadem
2620 3772 3005 3856 sententia,

877 3888 1161 3964 solliciti
1219 3911 1504 3966 servare
1557 3893 1907 3965 unitatem
1960 3889 2121 3962 fidei
2176 3891 2253 3962 in
2309 3891 2590 3964 vinculo
2644 3890 2865 3984 pacis.
2908 3887 3010 3964 Et

877 4033 1010 4105 pax
1063 4006 1196 4085 Dei
1258 4033 1442 4106 quae
1521 4022 1859 4106 exuperat
1938 4031 2221 4084 omnem
2302 4031 2583 4087 sensnm
2650 4013 3012 4084 custodiat

880 4133 1098 4208 corda
1153 4145 1392 4206 vestra
1429 4144 1502 4208 et
1541 4132 2033 4228 intelligentias
2087 4143 2360 4206 vestras
2407 4133 2482 4204 in
2526 4129 2811 4205 Christo
2852 4130 3013 4204 lesu

885 4251 1196 4331 Domino
1251 4267 1537 4333 nostro:
1593 4257 1791 4332 cuius
1864 4247 2169 4345 nomine
2208 4266 2283 4326 et
2334 4255 2761 4330 auctoritate
2815 4251 3017 4348 Apo-

887 4381 1216 4453 stolicam
1273 4376 1855 4455 Benedictionem
1910 4375 2150 4468 Vobis,
2207 4374 2383 4452 Ven.
2441 4375 2723 4451 Fratres
2776 4401 2859 4452 ac
2908 4379 3015 4451 di-
