3292 5275
907 433 1066 522 290

909 590 1306 672 segregatos
1367 593 1440 656 et
1503 603 1791 676 prorsus
1868 584 2345 658 schismaticos
2422 585 2783 660 habendos
2856 599 2937 663 et
2992 609 3039 662 a

907 694 1286 774 Catholicis
1342 705 1694 779 universis
1754 704 2075 782 vitandos
2112 725 2267 780 esse
2306 705 2623 778 districte
2678 708 3039 800 praecipi-

908 841 1058 899 mus
1113 835 1182 896 et
1239 825 1667 900 mandemus,

1118 944 1311 1020 Sciat
1364 949 1647 1040 insuper
1704 946 2105 1040 praedictus
2134 941 2387 1020 Rinkel
2426 948 2591 1030 sibi,
2626 949 2761 1020 nisi
2820 949 3043 1022 novis

763 1071 778 1085 ⁰
903 1093 979 1148 se
1037 1073 1282 1163 poenis
1337 1071 1715 1162 obligatum
1772 1071 1965 1148 velit,
1998 1067 2210 1144 abiis
2248 1069 2569 1144 omuibus
2626 1071 2829 1160 plane
2878 1091 3037 1140 esse

905 1193 1398 1265 abstinendum
1433 1239 1458 1275 ,
1514 1212 1695 1284 quae
1748 1191 2166 1282 episcopalis
2230 1191 2505 1264 ordinis
2564 1201 2682 1262 aut
2740 1190 3043 1264 iurisdi-

903 1315 1156 1392 ctionis
1213 1311 1488 1404 propria
1541 1323 1735 1384 sunt.
1788 1309 2261 1401 Quamobrem
2316 1331 2683 1404 nunquam
2736 1311 2873 1402 ipsi
2932 1310 3041 1384 fas

905 1435 1068 1519 erit,
1107 1455 1382 1506 sacrum
1419 1435 1721 1505 chrisma
1756 1433 2131 1514 conficere,
2166 1445 2607 1510 sacramenta
2642 1428 3047 1506 Confirma-

905 1554 1118 1625 tionis
1158 1568 1228 1626 et
1265 1549 1546 1638 Ordinis
1603 1553 2127 1636 administrare,
2166 1574 2591 1646 quomquam
2638 1553 3045 1627 animarum

897 1697 1118 1748 curae
1177 1676 1556 1768 praeficere
1589 1723 1611 1760 ‚
1673 1685 1742 1744 et
1798 1677 1931 1750 alia
1988 1693 2467 1768 quaecumque
2536 1693 2743 1766 agere
2774 1719 2797 1757 ‚
2852 1693 3047 1764 quae

905 1799 1024 1871 vel
1079 1799 1492 1892 episcopalis
1551 1812 1715 1870 sunt
1770 1797 2065 1880 ordinis,
2108 1817 2319 1890 quem
2360 1797 2553 1872 nullo
2591 1795 2799 1869 modo
2840 1795 3047 1870 licite

894 1939 1232 1991 exercere
1288 1929 1550 2010 potest,
1591 1921 1705 1992 vel
1758 1921 1851 1993 ad
1904 1920 2371 2014 episcopalem
2426 1916 2789 2011 pertinent
2822 1916 3051 1992 iuris-

903 2040 1310 2129 dictIonem,
1365 2063 1500 2136 qua
1555 2044 1843 2114 omnino
1900 2053 2123 2115 caret.

1113 2157 1218 2234 De
1274 2163 1461 2234 hisce
1537 2163 1749 2236 rebus
1822 2161 2009 2254 apud
2072 2183 2198 2236 vos
2252 2181 2461 2252 agere
2495 2208 2516 2244 ‚
2578 2155 3049 2234 venerabiles

903 2279 1185 2356 Fratres
1221 2296 1296 2356 et
1334 2279 1588 2356 Dilecti
1626 2280 1821 2368 Filii,
1862 2284 2173 2357 muneris
2213 2278 2449 2356 Nostri
2488 2280 2847 2366 duximus,
2890 2277 3049 2358 Nos

900 2407 1319 2504 edmonente
1363 2418 1651 2499 paterna
1687 2402 1939 2481 Nostra
1992 2407 2361 2488 charitate,
2402 2425 2581 2500 quae
2634 2403 2725 2476 ad
2778 2403 3046 2480 scdulo

901 2527 1330 2618 vigilandum
1385 2549 1512 2619 pro
1549 2531 1777 2601 salute
1814 2527 2061 2600 crediti
2088 2521 2301 2600 Nobis
2340 2527 2565 2620 gregis
2600 2520 2739 2600 Nos
2778 2539 3039 2600 movet

901 2670 984 2720 ac
1023 2659 1242 2740 urget.
1275 2646 1500 2724 Cuius
1544 2651 1909 2726 charitatis
1942 2646 2323 2741 Apostolici
2350 2644 2585 2721 Nostri
2638 2646 3039 2721 ministerii

905 2772 1229 2864 propriae
1273 2769 1466 2843 testis
1487 2782 1594 2843 est
1631 2766 1845 2843 Nobis
1876 2766 2093 2849 Deus,
2124 2791 2329 2864 quam
2357 2768 2651 2841 libenter
2678 2792 2845 2863 erga
2874 2770 3043 2843 illos

901 2892 1088 2983 ipsos
1139 2914 1180 2963 a
1220 2888 1434 2963 Nobis
1487 2905 1907 2965 memoratos
1962 2888 2447 2963 schismaticos
2502 2900 2579 2961 et
2622 2890 3033 2963 haereticos

900 3024 1136 3105 portes
1191 3014 1658 3105 expleremuS,
1714 3013 1773 3085 si
1828 3014 2147 3095 eosdem,
2204 3010 2543 3103 disruptis
2610 3009 3039 3083 schismatis

903 3130 1232 3217 vinculis,
1290 3147 1362 3206 et
1419 3134 1529 3205 sui
1583 3134 1750 3206 facti
1808 3134 2279 3227 poenitentes,
2332 3130 2407 3201 in
2474 3131 2687 3203 fidem
2741 3142 2817 3205 et
2872 3152 3053 3223 gra-

903 3250 1066 3324 tiam
1129 3254 1336 3326 huius
1393 3250 1749 3327 Romanae
1805 3250 2167 3327 Ecclesiae
2240 3252 2557 3346 recipere
2632 3272 3043 3345 possemus.

787 3464 800 3483 ι
900 3367 1330 3447 Nihil-enim
1385 3371 1600 3447 Nobis
1657 3374 2029 3469 optabilius
2086 3395 2235 3447 esse
2292 3382 2561 3468 posset,
2616 3375 3055 3466 praesertim

888 3492 972 3569 in
1029 3497 1162 3568 hoc
1215 3497 1406 3567 vitae
1459 3496 1683 3590 spatio
1738 3516 1877 3591 quo
1930 3492 2275 3589 Principis
2329 3490 2707 3569 Pastorum
2762 3496 3055 3571 adveu-

901 3630 1046 3690 tum
1087 3616 1376 3710 propius
1417 3617 1850 3709 respicimus,
1890 3636 2097 3711 quam
2135 3618 2431 3689 istorum
2470 3617 2737 3690 animas
2776 3632 3047 3691 erutas

873 3756 938 3811 ‘o
971 3748 1314 3830 potestate
1345 3738 1792 3811 tenebrarum
1823 3739 2229 3811 lucrifacere
2258 3733 2718 3831 Redemptor-i
2748 3735 3063 3827 Nostro,

865 3862 1025 3956 ·qui
1077 3874 1152 3934 ct
1208 3880 1333 3951 pro
1389 3860 1556 3954 ipsis
1607 3872 1923 3932 mortuus
1975 3872 2110 3942 est,
2152 3870 2223 3929 et
2276 3860 2459 3930 hanc
2516 3880 2559 3930 a
2614 3860 2863 3933 divina
2906 3862 3069 3934 ho-

863 3986 1122 4056 ·nitate
1178 3983 1476 4073 gratiam
1529 3982 1870 4068 obtinere,
1912 3992 1991 4055 ut
2026 3982 2271 4054 salvus
2308 3978 2400 4051 sit
2436 4002 2687 4053 eorum
2732 3981 3067 4071 spiritus

899 4107 972 4177 in
1025 4106 1141 4175 die
1201 4099 1476 4174 Domini
1536 4099 1769 4175 Nostri
1832 4100 1985 4175 lesu
2022 4096 2311 4174 Christi.
2352 4097 2505 4175 Hoc
2560 4114 2641 4175 ut
2698 4100 2875 4193 ipsis
2946 4107 3079 4179 fe-

897 4225 1130 4297 liciter
1181 4236 1256 4294 et
1309 4225 1715 4295 salutariter
1772 4225 2179 4313 contingat,
2246 4224 2579 4297 desinant
2646 4225 2833 4295 lutus
2892 4220 3079 4299 Do-

895 4343 1068 4417 mini
1123 4346 1382 4437 gloriae
1437 4346 1818 4419 crudeliter
1870 4346 2274 4431 confodere,
2325 4344 2737 4418 dividentes
2772 4342 3080 4425 Eccle-
