3292 5275
857 610 1270 685 clesiasticis
1307 609 1663 683 ordinibus
1718 610 2075 699 initiandi,
2132 620 2252 685 aut
2304 612 2395 685 ad
2450 632 2647 687 sacra
2688 615 2991 706 quaevis

855 730 1250 822 ministeria
1305 732 1794 823 promovendi.

960 842 1090 925 20.
1149 845 1408 924 Verum
1460 851 1650 924 haud
1706 853 1927 925 multo
1964 861 2152 945 post,
2191 852 2465 928 scilicet
2518 872 2705 926 anno
2748 844 2991 941 1806,

857 972 1045 1067 apud
1097 971 1602 1047 monasterium
1640 967 2077 1066 Can-caphae,
2132 974 2321 1067 quod
2374 985 2483 1046 est
2538 974 2615 1045 in
2670 974 2989 1049 dioecesi

855 1089 1234 1188 Berytensi
1265 1142 1289 1181 ,
1347 1105 1596 1167 coacta
1651 1105 1757 1166 est
1814 1089 2143 1189 Synodus
2199 1090 2641 1168 Antiochena
2708 1118 2997 1171 nuncu-

858 1227 1024 1309 pata
1053 1262 1076 1303 ,
1129 1236 1318 1309 quae
1389 1214 1464 1289 in
1527 1217 1773 1288 multis
1826 1237 1919 1289 ex
1974 1217 2117 1287 iam
2170 1215 2505 1287 damnata
2558 1211 2989 1291 Pistorieasi

859 1338 1131 1431 synodo
1169 1335 1378 1409 tacite
1433 1338 2063 1432 fraudulenterque
2102 1337 2357 1411 bansta
2392 1336 2704 1425 fuerant,
2746 1349 2823 1411 et
2860 1338 3027 1411 ali-⁸

857 1469 1029 1553 quot
1112 1458 1627 1551 propositiones
1706 1458 2029 1531 eiusdem
2109 1458 2365 1551 synodi
2418 1452 2875 1531 Pistoriensis
2948 1483 2997 1533 a

860 1574 938 1649 S.
979 1573 1294 1651 Romana
1331 1573 1512 1651 Sede
1549 1579 1909 1651 damnatas
1964 1579 2223 1671 partim
2280 1580 2366 1651 ad
2420 1580 2775 1665 litteram,
2836 1601 2999 1672 par-

860 1701 993 1771 tim
1045 1697 1362 1790 ambigue
1442 1698 1835 1771 insinuatas
1914 1701 2384 1787 continebat3
2446 1700 2721 1795 aliaque
2772 1703 2999 1773 etiam

857 1816 1336 1895 Baianismum
1387 1829 1462 1891 ct
1515 1816 2029 1893 lansenismum
2083 1821 2505 1905 redolentia,
2556 1823 3001 1895 ecclesiasti-

855 1964 975 2015 cae
1025 1944 1358 2035 potestati
1415 1941 1752 2027 adversa,
1809 1938 2166 2031 Ecclesiae
2223 1952 2491 2015 statum
2543 1944 2995 2034 perturban-

859 2065 990 2150 tia,
1045 2074 1122 2137 et
1176 2072 1422 2136 contra
1475 2083 1727 2137 sanam
1780 2063 2175 2137 doctrinam
2210 2074 2283 2135 et
2324 2062 2691 2156 probatam
2726 2058 3002 2137 Eccle-

860 2188 1008 2259 siae
1056 2185 1525 2277 disciplinam.
1565 2180 1799 2273 Quam
1830 2180 2393 2276 Carcaphensem
2430 2180 2835 2281 Synodum,
2876 2187 3003 2257 in-

858 2307 1180 2381 consulta
1233 2306 1622 2397 apostolica
1678 2302 1859 2379 Sede
1914 2326 2101 2379 anno
2161 2296 2369 2380 1810
2436 2310 2629 2400 typis
2682 2307 3001 2381 arabicis

859 2428 1162 2514 editam,
1219 2429 1458 2501 multis
1512 2422 2027 2522 Episcoporum
2090 2427 2410 2522 querelis
2492 2430 2927 2521 exagitatam
2968 2478 2997 2516 ‚

859 2549 1145 2625 demum
1197 2550 1320 2623 fel.
1357 2570 1502 2621 rec.
1541 2544 1924 2637 Gregorius
1964 2542 2122 2621 XVI
2178 2549 2681 2641 praedecessor
2726 2544 3003 2625 Noster

859 2673 1042 2748 datis
1095 2671 1498 2765 apostolicis
1531 2671 1793 2746 litteris
1824 2662 1939 2772 (1)
1980 2649 2403 2764 improbavit
2455 2680 2529 2744 et
2564 2673 2995 2746 condemna-

861 2795 1016 2881 vit3
1069 2802 1144 2866 et
1195 2787 1588 2884 Episcopos
1646 2792 1849 2864 iussit
1904 2811 2223 2866 normam
2280 2791 2639 2883 regiminis
2694 2795 2804 2868 sui
2859 2795 2999 2865 do-

859 2915 1272 3007 ctrinaeque
1325 2913 1416 2989 ab
1471 2913 1631 2986 aliis
1688 2913 2051 2987 veteribus
2108 2914 2402 3007 synodis
2456 2915 2743 2987 haurire
2796 2916 2999 2988 iam-

859 3034 982 3110 diu
1057 3034 1144 3104 ab
1199 3029 1602 3126 Apostolica
1660 3027 1841 3108 Sede
1896 3033 2229 3127 probatis.
2286 3031 2571 3108 Utinam
2628 3059 2799 3112 vero
2856 3036 2997 3112 da·-

857 3166 1100 3232 mnata
1153 3155 1422 3250 synodo
1477 3166 1874 3228 cessassent
1926 3175 2204 3228 errores
2229 3204 2252 3241 ‚
2308 3157 2563 3251 quibus
2616 3181 2701 3232 ea
2754 3171 2999 3232 scate-

857 3279 1004 3352 bat.
1062 3273 1336 3352 Pravae
1399 3272 1586 3349 enim
1658 3277 2063 3351 huiusmodi
2145 3275 2501 3352 doctrinae
2586 3279 2999 3355 clanculum

861 3419 1144 3496 serpere
1199 3418 1328 3490 per
1390 3393 1748 3471 Orientem
1802 3419 1943 3470 non
2000 3396 2461 3482 destiterunt,
2520 3413 2997 3494 opportunam

857 3531 1312 3614 expectantes
1364 3519 1831 3604 occasionem,
1868 3541 2013 3613 qua
2048 3520 2118 3590 in
2157 3521 2473 3596 omnium
2528 3533 2997 3616 conspectum

858 3643 1138 3738 prodire
1193 3651 1512 3736 possent:
1552 3640 1737 3733 quod
1792 3641 2049 3712 frustra
2108 3651 2459 3715 tentatum
2514 3654 2681 3718 ante
2735 3645 2995 3738 viginti

861 3765 1146 3838 circiter
1201 3783 1448 3848 annoe,
1507 3757 1818 3834 Armenii
1874 3757 2451 3838 Neoschismatici
2516 3769 2785 3840 efficere
2838 3785 2999 3840 mo-

862 3887 952 3962 do
1005 3886 1156 3960 ausi
1213 3896 1404 3958 sunt.

969 3998 1100 4082 21.
1159 4003 1341 4081 Cum
1397 4027 1573 4084 vero
1635 4003 1801 4078 fidei
1868 4007 2341 4082 retinaculum
2406 4007 2771 4101 disciplina
2832 4011 2939 4084 sit
2966 4059 2995 4098 ‚

1025 4279 1107 4364 (1)
1148 4280 1344 4365 Greg.
1389 4257 1548 4346 XVI
1611 4291 1821 4368 apost.
1872 4283 2002 4350 litt.
2048 4283 2493 4354 Melcbitarum
2542 4283 3003 4352 catholicorum

865 4371 968 4442 16.
1019 4371 1406 4457 Septembris
1445 4373 1625 4442 1835.
