3292 5275
786 456 942 539 280

788 610 975 671 strae
1030 620 1283 675 vocem
1338 604 1643 693 virtutis,
1698 616 1916 699 utque
1973 603 2134 697 lpso
2179 610 2460 679 favente
2505 608 2906 681 voluntates

786 718 1143 795 hominum
1178 734 1251 793 et
1288 744 1670 815 generosae
1727 744 1892 799 suae
1947 727 2202 800 indolis
2241 748 2587 801 memores
2623 740 2697 801 et
2733 730 2902 802 boni

784 841 1177 915 eommunis
1233 864 1471 916 amore
1528 845 1874 918 excitatae
1931 842 2201 920 Nostris
2255 847 2630 921 desideriis
2665 860 2740 919 et
2775 850 2911 921 sti-

786 958 1005 1067 mulis
1064 960 1539 1035 obsecundare
1616 984 1759 1036 non
1841 978 2171 1039 renuant.
2229 963 2464 1061 Atque
2517 967 2660 1052 hie,
2723 962 2898 1040 Ven.

784 1076 1063 1182 Frater,
1114 1081 1342 1155 iacere
1400 1104 1543 1157 non
1599 1105 2007 1177 possumus,
2047 1088 2218 1180 quin
2266 1086 2453 1159 omni
2511 1087 2748 1160 studio
2781 1108 2910 1180 pa·-

784 1202 1111 1296 ternique
1151 1204 1367 1275 animi
1404 1204 1879 1279 sollicitudine
1919 1217 1990 1276 te
2030 1204 2338 1299 aliosque
2365 1226 2609 1281 omnes
2635 1202 2907 1285 Galliae

783 1316 1167 1397 Antistites
1206 1322 1277 1395 in
1315 1321 1619 1401 Domino
1677 1348 2004 1418 rogemus
2039 1338 2114 1397 et
2151 1327 2563 1414 excitemus,
2602 1338 2682 1401 ut
2719 1330 2906 1400 serio

782 1462 1073 1517 monere
1112 1465 1253 1518 non
1292 1447 1634 1520 omittatis
1675 1448 1887 1520 istam
1933 1442 2338 1537 Nationem,
2373 1444 2576 1522 cuius
2619 1448 2910 1543 quidem

783 1564 1198 1638 nobilissimi
1258 1587 1510 1643 sensus
1566 1577 1641 1641 et
1697 1568 2024 1640 militaris
2077 1568 2310 1641 virtus
2368 1580 2473 1641 tot
2549 1567 2908 1662 tantisque

786 1686 1049 1777 gloriae
1130 1691 1601 1761 monumentis
1673 1690 2158 1763 commendata
2232 1690 2547 1762 adversis
2621 1691 2908 1763 casibus

784 1805 1143 1881 obscurari
1198 1828 1343 1881 non
1398 1820 1719 1901 possunt,
1756 1832 1846 1883 ne
1883 1812 2058 1883 velit
2115 1810 2456 1882 inclinare
2496 1830 2704 1883 aures
2740 1830 2911 1902 per-

786 1924 1074 1999 niciosis
1132 1928 1473 2003 doctrinis
1510 1932 1872 2025 publicum
1927 1931 2284 2003 societatis
2335 1930 2658 2003 ordinem
2696 1950 2913 2003 ever-

783 2044 1118 2134 tentibuS,
1173 2070 1349 2143 quas
1405 2050 1790 2124 turbolenti
1847 2052 2166 2125 homines
2223 2050 2547 2123 militaris
2593 2052 2729 2127 sub
2783 2054 2915 2124 ob-

784 2175 987 2239 tentu
1045 2170 1284 2242 auxilii
1344 2172 1418 2242 in
1477 2172 1649 2245 istas
1705 2171 2024 2265 regiones
2083 2173 2461 2263 progressi,
2515 2172 2726 2244 isthic
2759 2170 2914 2243 dis-

784 2286 1132 2361 seminare
1168 2310 1251 2362 ac
1290 2312 1680 2385 propagare
1737 2314 1882 2365 non
1939 2290 2294 2376 desinunt,
2333 2311 2417 2362 ex
2471 2312 2770 2385 quarum
2805 2292 2916 2363 di·-

783 2408 1116 2482 latatione
1172 2411 1347 2483 nihil
1404 2412 1594 2485 aliud
1643 2414 2010 2507 expectari
2063 2422 2296 2501 potest
2351 2412 2488 2483 nisi
2525 2422 2608 2485 ut
2641 2408 2917 2485 discor-

784 2526 943 2601 diae
996 2541 1068 2600 et
1117 2531 1557 2606 calamitates
1612 2542 2032 2627 augeantur,
2073 2542 2148 2603 et
2185 2530 2494 2605 iustitiae
2539 2552 2622 2603 ac
2677 2552 2917 2611 mora-

781 2649 1007 2723 litatis
1062 2654 1457 2726 retardetur
1512 2653 1938 2748 triumphuS,
1992 2675 2032 2724 a
2086 2675 2230 2747 quo
2281 2673 2427 2725 uno
2484 2653 2768 2746 pendet,
2829 2665 2912 2726 ut

783 2769 915 2841 iste
970 2770 1273 2867 inclytus
1352 2773 1650 2868 populus
1707 2775 1794 2846 ad
1855 2776 2136 2848 avitum
2209 2774 2422 2845 decus
2501 2793 2915 2866 novumque

786 2891 1233 2994 spiendorem
1288 2906 1635 2989 assurgat.
1695 2891 2047 2984 Quoniam
2103 2915 2276 2968 vero
2331 2893 2548 2986 probe
2605 2895 2919 2984 agnosci·-

784 3031 945 3084 mus
1008 3014 1271 3088 frustra
1326 3037 1367 3087 a
1428 3009 1643 3088 Nobis
1717 3016 1896 3087 hanc
1953 3033 2238 3108 operam
2291 3014 2682 3106 impensam
2735 3017 2917 3103 fore,

786 3131 926 3203 nisi
984 3133 1202 3206 etiam
1257 3136 1581 3230 aequitas
1638 3147 1710 3207 et
1747 3133 2155 3226 magnitudo
2211 3133 2429 3206 animi
2467 3133 2650 3206 illins
2701 3129 2918 3210 Prin-

784 3251 994 3345 cipis,
1050 3255 1255 3328 cuius
1310 3257 1525 3328 armis
1582 3251 1774 3329 Deus
1859 3255 2310 3328 exercituum
2365 3265 2470 3327 tot
2535 3274 2914 3347 prosperos

788 3393 1153 3448 successus
1208 3377 1553 3464 attribuit,
1610 3373 2082 3450 ministerium
2137 3377 2334 3468 pacis
2371 3397 2507 3469 quo
2555 3377 2914 3467 fungimur

786 3516 1131 3588 propensa
1168 3497 1532 3571 voluntate
1571 3519 1653 3571 ac
1691 3497 1924 3571 studio
1963 3507 2458 3590 prosequatur,
2483 3496 2746 3572 ideirco
2781 3495 2914 3570 hoc

786 3615 1006 3689 etiam
1064 3637 1341 3704 munus,
1400 3613 1583 3690 Ven.
1628 3613 1906 3703 Frater,
1945 3599 2406 3690 libentissime
2461 3617 2917 3696 assumimus,

788 3748 869 3809 ut
922 3736 1012 3824 ad
1064 3729 1507 3810 Maiestatem
1564 3733 1867 3812 Illustris
1925 3733 2138 3831 Regis
2209 3733 2584 3810 Berussiae
2636 3736 2774 3814 hac
2825 3738 2917 3808 de

788 3877 865 3928 re
920 3857 1193 3930 litteras
1246 3859 1524 3952 demus,
1560 3879 1642 3931 ac
1697 3859 1932 3950 regiae
1967 3856 2396 3930 humanitati
2435 3851 2613 3930 Eius
2667 3875 2918 3929 susee-

788 3987 994 4073 ptum
1046 4000 1087 4050 a
1142 3973 1359 4068 Nobis
1414 3980 1607 4073 pacis
1665 3977 2138 4073 patrocinium
2193 3977 2398 4050 enixe
2467 3977 2919 4052 commende-

790 4119 975 4172 mus.
1012 4095 1245 4187 Quem
1280 4100 1547 4173 exitum
1582 4100 1715 4174 hoc
1754 4095 2090 4173 Nostrum
2139 4096 2450 4173 officium
2487 4119 2568 4170 ac
2601 4097 2918 4172 studium

792 4217 978 4312 apud
1033 4213 1468 4294 Maiestatem
1508 4215 1686 4293 Eius
1723 4221 1816 4290 sit
1853 4219 2294 4300 habiturum,
2337 4241 2462 4311 pro
2499 4227 2698 4290 certo
2725 4221 2920 4290 amr-

790 4361 979 4414 mare
1018 4361 1161 4414 non
1201 4361 1604 4436 possumus:
1638 4342 1762 4414 sed
1805 4351 2044 4416 tamen
2085 4343 2344 4416 iustam
2378 4341 2694 4434 profecto
2736 4339 2918 4412 bene

3247 644 3284 2253 „⁴fflmu-mmffiflsffid·>ffl‘ffl
