3292 5275
2234 464 2395 551 205

498 604 838 683 Volumus
893 619 1132 682 autem
1191 617 1270 681 ut
1306 608 1712 685 earumdem
1748 608 2223 700 praesentium
2248 605 2401 679 Lit-

287 740 586 803 terarum
648 728 1108 821 transumptis
1149 730 1302 803 sive
1333 731 1689 821 ⁸exemplis
1742 730 1953 801 etiam
2006 728 2395 819 impressiS,

285 870 500 923 manu
557 860 793 921 tamen
847 848 1138 921 alicuius
1189 844 1454 921 Notarii
1519 848 1783 940 publici
1858 847 2277 939 subscriptis
2328 858 2401 921 et

287 970 518 1058 sigillo
555 988 902 1060 personae
939 966 1010 1037 in
1043 968 1520 1041 ecclesiastica
1575 968 1917 1058 dignitate
1972 968 2399 1039 constitutae

285 1087 602 1167 munitis,
637 1088 880 1159 eadem
917 1108 1205 1179 prorsus
1243 1086 1414 1159 fides
1449 1088 1520 1158 in
1558 1087 1819 1159 iudicio
1856 1096 1927 1159 et
1962 1098 2166 1159 extra
2202 1086 2403 1159 adhi-

285 1208 565 1291 beatur,
603 1228 784 1301 quae
821 1205 994 1300 ipsis
1045 1209 1536 1299 praesentibus
1589 1207 2036 1279 adhiberetur
2072 1207 2133 1279 si
2170 1208 2403 1279 forent

285 1326 640 1400 exhibitae
695 1330 808 1401 vel
864 1336 1216 1399 ostensae.

500 1443 694 1520 Nulli
747 1467 916 1538 ergo
969 1448 1256 1519 omnino
1309 1447 1669 1518 hominum
1722 1448 1927 1519 liceat
1978 1447 2159 1518 hanc
2202 1443 2401 1536 pagi-

286 1586 454 1639 nam
509 1562 918 1639 Nostrarum
968 1564 1430 1659 ‚ordinationis
1482 1566 1957 1657 abrogationis
2015 1566 2403 1638 revocatio-

283 1686 394 1759 nis
431 1688 668 1759 statuti
706 1686 969 1757 decreti
1006 1706 1085 1759 ac
1123 1686 1503 1759 voluntatis
1541 1687 1925 1777 infringere
1964 1688 2081 1760 vel
2116 1688 2185 1757 ei
2224 1704 2399 1757 ausu

285 1808 656 1879 temerario
737 1808 1106 1878 contraire.
1164 1802 1242 1877 Si
1303 1807 1464 1900 quis
1539 1818 1773 1879 autem
1845 1807 1978 1879 hoc
2050 1814 2399 1878 attentare

283 1926 828 2020 praesumpserit
889 1926 1443 2017 indignationem
1511 1923 2033 2019 Omnipotentis
2105 1920 2237 1996 Dei
2316 1944 2399 1995 ac

283 2042 666 2120 Beatorum
717 2042 910 2118 Petri
964 2053 1036 2118 et
1093 2041 1298 2119 Pauli
1351 2043 1843 2139 Apostolorum
1915 2046 2069 2119 eius
2134 2066 2209 2117 se
2271 2064 2401 2117 no-

282 2168 474 2241 verit
525 2170 1006 2239 incursurum.

495 2282 754 2359 Datum
805 2282 1070 2359 Romae
1123 2286 1312 2378 apud
1367 2281 1439 2359 S.
1481 2282 1780 2361 Petrum
1814 2282 2023 2358 Anno
2061 2280 2401 2358 lucarna-

275 2409 490 2493 tionis
543 2404 952 2483 Dominicae
1005 2400 1374 2481 Millesimo
1428 2400 2022 2497 Octingentesimo
2088 2400 2399 2499 Septua-

283 2526 759 2621 gesimotcrtio
788 2523 1126 2599 Kalendis
1165 2522 1414 2599 Iuniis.
1443 2523 1895 2599 Pontificatus
1920 2520 2157 2599 Nostri
2184 2524 2393 2601 Anno

279 2646 632 2741 vigesimo
693 2651 1012 2742 septimo.

278 2879 575 2950 A-Cnn.
588 2877 1122 2948 VANNICELLI
1139 2878 1642 2950 Pau-Dumna

1595 2985 1674 3050 F.
1697 2985 1895 3054 eun.
1930 2981 2391 3066 ASQUINIUS

1245 3277 1446 3346 vlsA
1485 3277 1606 3345 DE
1647 3277 1913 3346 CURIA

959 3387 1146 3458 Lm·
1190 3388 1440 3467 Aomn
1481 3405 1520 3457 s
1561 3384 2073 3457 Vrcscommus

279 3573 428 3632 Low
445 3579 497 3636 ·Ξ··
517 3571 744 3632 Plumbz·

1852 3744 1904 3797 1.
1940 3742 2271 3798 coenoman

405 3913 538 3988 Περ.
574 3915 638 3970 in
671 3911 982 3972 secretaria
1014 3913 1295 3970 Brevium.
