3292 5275
852 485 1008 570 326

847 631 1013 702 culo
1077 626 1643 700 ecclesiasticam
1697 636 1772 698 et
1825 625 2102 698 civilem
2185 635 2602 718 potestatem
2687 625 2842 697 sive
2895 625 2968 696 in

850 743 1185 842 Europae
1240 747 1391 820 sive
1448 744 1519 817 in
1572 743 1941 820 Americae
1995 746 2318 840 partibus
2375 746 2559 818 inter
2595 766 2672 818 se
2725 767 2972 820 conso-

847 869 1073 955 ciare,
1095 867 1559 962 pluribusque
1586 862 1972 940 Orientalis
2001 862 2381 950 Ecclesiae,
2409 887 2620 960 quam
2649 866 2736 938 ab
2766 867 2972 942 initio

854 984 1243 1083 Apostolici
1277 985 1511 1062 Nostri
1542 987 1910 1061 ministerii
1952 999 2246 1080 paterno
2281 1007 2557 1082 semper
2593 1007 2756 1060 cum
2794 987 2972 1060 affe-

851 1123 975 1184 ctu
1030 1111 1499 1206 respeximus,
1540 1107 2073 1182 necessitatibus
2123 1107 2488 1180 consulere
2523 1105 2972 1198 curavimus3

852 1251 937 1304 ac
972 1252 1113 1304 non
1152 1231 1252 1304 ita
1288 1231 1558 1325 pridem
1594 1226 2051 1304 Oeoumeuici
2087 1225 2416 1302 Vaticani
2449 1223 2748 1303 Concilii
2791 1251 2972 1324 opus

850 1351 1133 1446 aggredi
1172 1363 1246 1425 et
1284 1371 1702 1446 promovere
1755 1345 1968 1425 Nobis
2023 1351 2261 1424 datum
2307 1360 2444 1433 est,
2483 1349 2680 1424 cuius
2734 1361 2968 1423 tamen

845 1475 1017 1547 dum
1072 1472 1361 1547 maximi
1415 1475 1685 1548 fructus
1740 1471 1994 1565 partim
2049 1469 2356 1564 suscepti
2420 1481 2648 1553 erant,
2705 1472 2966 1563 partim

850 1595 1404 1689 expectabantur
1438 1593 1527 1666 ab
1562 1587 1908 1673 Ecclesia,
1935 1592 2026 1666 ob
2063 1591 2464 1665 notissimas
2501 1609 2740 1664 rerum
2779 1590 2968 1664 vices

848 1717 1383 1809 suspensionem
1433 1714 1812 1787 decernere
1865 1713 2258 1787 debuimus.

1062 1831 1210 1910 Nec
1244 1857 1447 1922 vero,
1485 1830 1944 1908 venerabiles
1981 1829 2290 1914 Fratres,
2327 1852 2511 1928 quae
2564 1833 2792 1906 civilis
2827 1829 2972 1906 No-

852 1958 981 2030 stri
1012 1956 1309 2051 imperii
1366 1959 1479 2030 ius
1535 1969 1609 2031 et
1665 1955 1971 2032 officium
2025 1957 2433 2052 poscebant,
2473 1976 2559 2028 ea
2615 1974 2964 2047 unquam,

840 2072 1003 2151 -Deo
1065 2079 1388 2164 donante,
1444 2077 1692 2173 exequi
1765 2077 2394 2173 praetermisimus.
2449 2071 2972 2150 Gratulationes

838 2209 925 2272 ·et
976 2201 1289 2293 plausus,
1322 2211 1405 2274 ut
1462 2200 1909 2285 meministis,
1957 2198 2078 2294 qui
2129 2195 2332 2271 initia
2385 2191 2626 2270 Nostri
2673 2193 2972 2270 Pontifi-

848 2331 1053 2394 catus
1104 2329 1567 2415 exceperunt,
1608 2319 1814 2394 brevi
1855 2321 1930 2392 in
1969 2321 2266 2392 iniurias
2301 2329 2376 2391 et
2412 2317 2968 2412 oppugnationes

850 2439 1027 2512 adeo
1060 2442 1385 2532 conversi
1419 2440 1735 2526 fuerunt,
1765 2452 1847 2515 ut
1881 2435 2024 2514 Nos
2047 2461 2090 2513 e
2116 2438 2570 2512 dilectissima
2609 2438 2740 2511 bac
2773 2433 2966 2512 Urbe

850 2553 1105 2635 Nostra
1158 2562 1451 2636 exulare
1508 2543 1886 2655 coegerint.
1944 2559 2039 2633 At
2075 2581 2248 2635 vero
2295 2557 2417 2634 ubi
2471 2560 2965 2636 communibus

847 2682 1349 2756 catholicorum
1406 2684 1830 2777 populorum
1865 2694 1938 2755 et
1989 2678 2404 2775 Principum
2457 2682 2708 2757 studiis
2743 2692 2816 2753 et
2855 2681 2970 2754 vi-

850 2803 1047 2878 ribus
1100 2803 1606 2889 adnitentibus,
1673 2799 2086 2878 pontificiae
2159 2805 2330 2878 huic
2405 2800 2572 2876 Sedi
2650 2806 2964 2877 restituti

848 2924 1129 3008 ruimus,
1168 2925 1507 2997 continuo
1558 2944 1802 2998 omnes
1835 2918 2125 2997 Nostras
2180 2926 2374 2997 vires
2411 2936 2486 2997 et
2521 2926 2758 2997 studia
2795 2948 2970 2999 con-

848 3046 1137 3120 tulimus
1190 3046 1279 3119 ad
1332 3044 1883 3137 promovendam
1937 3056 2012 3117 et
2061 3046 2582 3118 conciliandam
2635 3044 2966 3121 fidelibus

846 3158 1115 3238 Nostris
1170 3166 1472 3241 subditis
1527 3164 1822 3239 solidam
1878 3166 2070 3239 illam
2105 3176 2182 3239 et
2219 3186 2354 3239 non
2412 3168 2734 3239 fallacem
2792 3187 2968 3259 pro·-

846 3286 1275 3380 speritatem,
1306 3304 1513 3378 quam
1550 3286 1658 3359 uti
1695 3286 2178 3376 gravissimum
2213 3284 2442 3358 civilis
2479 3282 2718 3360 Nostri
2756 3284 2966 3361 Prin-

844 3404 1119 3500 cipatus
1190 3424 1449 3479 munus
1524 3424 1796 3497 semper
1851 3407 2284 3497 agnovimus
2344 3404 2439 3478 At
2491 3428 2664 3481 vero
2739 3410 2962 3483 vicini

846 3520 1169 3597 Potentis
1222 3524 1569 3618 cupiditas
1622 3526 2034 3619 temporalis
2107 3522 2408 3600 Nostrae
2462 3528 2964 3603 dominationis

846 3643 1253 3737 regionibus
1292 3642 1624 3725 inhiavit,
1663 3646 1948 3720 consilia
1987 3658 2342 3721 sectarum
2383 3649 2798 3741 perditionis
2835 3672 2968 3745 pa-

844 3767 1067 3837 ternis
1122 3760 1393 3838 Nostris
1448 3775 1662 3860 atque
1713 3766 1988 3841 iteratis
2051 3766 2642 3842 admonitionibus
2697 3783 2772 3842 et
2825 3792 2964 3844 vo-

841 3886 1049 3960 cibus
1102 3886 1459 3959 obstinate
1540 3888 1976 3981 praeposuit,
2029 3899 2104 3960 et
2157 3887 2557 3974 novissime,
2617 3902 2695 3965 ut
2759 3891 2968 3965 vobis

844 4018 1283 4098 compertum
1334 4017 1473 4092 est,
1512 4002 1678 4080 Filii
1715 4006 1904 4081 illius
1939 4002 2244 4099 Prodigi‚
2281 4009 2368 4080 de
2403 4030 2547 4103 quo
2603 4010 2674 4081 in
2730 4006 2972 4083 Evan-

844 4124 1027 4218 gelio
1082 4124 1407 4219 legimus,
1460 4125 1970 4221 impudentiam
2022 4128 2222 4220 longe
2261 4148 2748 4221 supergressus
2783 4130 2966 4205 banc

844 4267 1125 4342 quoque
1178 4246 1427 4320 urbem
1464 4242 1821 4333 Nostram,
1862 4270 2072 4343 quam
2127 4248 2258 4321 sibi
2315 4250 2742 4342 postulabat,
2778 4250 2852 4322 vi
2891 4261 2965 4323 et

844 4368 1059 4443 armis
1138 4369 1606 4462 expugnavit,
1661 4364 1990 4464 eamque'
2029 4389 2214 4442 nunc
2267 4370 2342 4443 in
2407 4392 2532 4443 sua
2615 4380 2966 4464 potestate
