3292 5275
333 635 562 709 ximus
609 652 781 707 vere
834 634 1122 708 idoneos
1193 634 1390 709 viros
1452 642 1799 727 tantoque
1854 632 2105 723 dignos
2153 652 2450 708 munere

333 757 774 851 propositum
829 756 974 841 iri,
1031 776 1124 828 ne
1179 774 1492 848 unquam
1547 774 1962 849 eoqeremur
2015 754 2233 827 alium
2283 754 2451 826 licet

333 896 472 949 non
525 873 964 970 propositum
999 876 1273 949 vacanti
1312 874 1462 947 sedi
1523 872 1957 966 praeficere3
2006 873 2197 968 quod
2234 873 2451 946 etiam

334 994 408 1068 in
463 996 796 1069 methodo
851 987 958 1095 (1)
1015 1016 1204 1069 anno
1260 986 1468 1069 >1853
1525 1018 1570 1069 a
1619 988 1837 1068 Nobis
1890 994 2277 1067 constituta
2330 1012 2453 1067 eo-

327 1117 498 1191 dem
551 1134 830 1211 prorsus
883 1116 1178 1191 consilio
1232 1127 1518 1189 cautum
1569 1118 1827 1189 fuerat.
1884 1110 2341 1207 Accepimus,
2380 1125 2453 1187 et

335 1258 428 1311 ex
481 1236 590 1309 his
627 1240 1038 1331 ceteroquin
1075 1237 1464 1309 mitissimis
1497 1236 1737 1309 verbis
1776 1234 2051 1329 aliquos
2106 1234 2451 1327 arripuis-

337 1378 416 1431 se
469 1358 920 1432 occasionem·
979 1357 1378 1451 suspicandi
1413 1404 1434 1443 ‚
1493 1379 1584 1431 ne
1668 1354 1979 1429 illusoria
2058 1356 2294 1430 futura
2358 1356 2454 1427 sit

337 1478 738 1573 nulliusque
795 1480 984 1572 apud
1033 1474 1180 1553 Nos
1255 1479 1587 1551 momenti
1651 1476 2007 1571 synodalis
2062 1469 2455 1569 Episcopo-

337 1620 500 1674 rum
551 1602 974 1694 propositio:
1032 1601 1206 1674 alios
1244 1612 1484 1674 autem
1521 1597 1821 1673 ulterius
1875 1617 2281 1689 progressos
2324 1616 2455 1671 ex·-

340 1720 783 1813 cogitavisse,
839 1720 1058 1793 latere
1111 1720 1184 1792 in
1236 1720 1432 1793 hisce
1483 1719 1719 1793 verbis
1774 1718 2211 1811 propositum
2268 1738 2454 1791 com-

337 1841 670 1913 mittendi
699 1836 1206 1915 Armeniorum
1243 1861 1480 1915 curam
1519 1835 1792 1913 Latinis
1821 1834 2211 1933 Episcopis.
2242 1832 2459 1932 Equi·-

339 1960 499 2033 dem
538 1963 798 2035 nullam
836 1964 1122 2056 ineptae
1161 1960 1576 2034 huiusmodi
1601 1960 2127 2033 criminationes
2162 1978 2455 2053 respon-

339 2080 610 2154 sionem
663 2094 1150 2155 mererentur:
1207 2081 1336 2155 has
1393 2083 1582 2153 enim
1667 2078 1973 2171 proferre
2036 2080 2125 2153 iis
2182 2087 2455 2153 tantum

339 2201 532 2287 licet,
585 2202 703 2296 qui
754 2208 1204 2277 evanuerunt
1233 2204 1310 2273 in
1345 2200 1891 2293 cogitationibus
1942 2202 2119 2285 suis,
2177 2209 2255 2273 et
2306 2210 2458 2276 tre-

339 2324 764 2415 pidaverunt
817 2325 1064 2397 timore
1092 2373 1115 2410 ‚
1167 2324 1285 2395 ubi
1341 2342 1486 2395 non
1537 2332 1695 2395 erat
1751 2322 1979 2395 timor.
2034 2316 2141 2393 De
2194 2314 2453 2395 Nostro

339 2443 494 2515 iure
546 2455 740 2517 extra
793 2448 1177 2518 ternariam
1231 2444 1787 2538 propositionem
1848 2441 2187 2539 eligendi,
2244 2442 2459 2517 silen-

343 2564 512 2637 dum
563 2586 708 2637 non
763 2587 920 2640 esse
973 2564 1294 2640 duximus
1325 2614 1348 2653 ,
1403 2586 1494 2640 ne
1575 2566 1737 2659 quis
1812 2584 2143 2658 umquam
2196 2564 2455 2640 futuris

341 2686 730 2780 quibusque
787 2689 1220 2780 temporibus
1275 2683 1760 2780 Apostolicam
1811 2681 2061 2759 Sedem
2144 2685 2459 2777 adigeret

343 2808 434 2880 ad
487 2807 634 2883 eius
687 2829 894 2881 usum
947 2809 1447 2884 exercendum.
1502 2803 1655 2880 Hoc
1719 2829 1891 2882 vero
1954 2807 2069 2882 ius
2130 2827 2210 2878 ae
2261 2805 2463 2878 debi-
2500 2853 2505 2858 ·

344 2938 527 3014 tum,
580 2932 792 3004 etiam
845 2932 1242 3006 tacentibus
1287 2925 1504 3004 Nobis
1537 2977 1562 3016 ‚
1619 2925 1779 3002 Βιῑιί
1833 2923 2035 3004 Petri
2086 2927 2461 3003 cathedrae

341 3048 688 3142 integrum
737 3054 1168 3140 mansisset3
1203 3073 1386 3147 quae
1438 3049 1747 3124 enim‘ab
1802 3050 1959 3143 ipsa
1992 3045 2272 3122 Christo
2308 3043 2463 3124 Deo

343 3170 418 3243 ei
469 3170 634 3244 data
688 3184 857 3246 sunt
905 3173 1060 3246 iura
1093 3185 1168 3253 et
1203 3172 1600 3272 privilegia,
1658 3170 1914 3264 impeti
1964 3167 2245 3264 quidem
2297 3187 2465 3260 pos·-

345 3305 511 3366 sunt
532 3341 557 3378 ‚
611 3296 914 3368 convelli
967 3315 1104 3368 non
1161 3305 1525 3388 possunt;
1579 3313 1809 3386 neque
1860 3292 1935 3365 in
1991 3285 2283 3365 hominis
2336 3307 2465 3380 po-

345 3423 612 3488 testate
667 3427 780 3488 est
831 3415 1078 3489 divino
1139 3415 1274 3487 iuri
1330 3414 1739 3487 renunciare
1770 3459 1793 3498 ,
1848 3411 2041 3506 quod
2092 3409 2465 3502 aliquando

347 3555 436 3610 ex
487 3532 708 3628 ipsius
761 3531 894 3609 Dei
946 3535 1312 3610 voluntate
1365 3555 1689 3608 exercere
1740 3531 2163 3624 adigeretur.

455 3645 581 3729 33.
637 3650 926 3729 Certum
989 3659 1123 3730 etsi
1179 3655 1626 3747 undeviginti
1708 3654 1849 3726 iam
1932 3651 2183 3725 abhinc
2262 3647 2464 3725 annis

335 3777 518 3852 haec
553 3775 914 3852 Armeniis
965 3781 1200 3854 edicta
1255 3779 1516 3851 fuerint
1551 3788 1624 3848 et
1670 3775 1931 3870 pluries
1988 3773 2075 3849 de
2128 3769 2465 3862 eligendis

341 3893 718 3994 Episcopis
769 3911 1010 3974 actum
1060 3903 1202 3988 sit,
1257 3919 1638 3993 numquam
1721 3898 2065 3968 hactenus
2120 3889 2465 3984 contigit-2

345 4038 431 4102 ut
486 4019 625 4100 Nos
679 4046 764 4098 ea
818 4033 1159 4120 potestate
1211 4023 1330 4096 usi
1384 4022 1755 4104 fuerimus,
1802 4038 1891 4089 ne
1946 4025 2097 4091 tum
2151 4011 2464 4106 quidem

342 4169 512 4224 cum
564 4147 948 4222 recentiori
1030 4156 1343 4240 tempore
1377 4192 1400 4230 ,
1457 4150 1616 4236 post
1682 4138 1952 4236 editam
2008 4129 2471 4230 Constituti&

508 4395 592 4483 (1)
633 4397 938 4468 Instruet.
983 4393 1174 4466 Licet.
1195 4387 1302 4464 ffl-
1325 4391 1610 4512 August.
1650 4381 1868 4458 1853..
1924 4443 1934 4454 .
2037 4436 2043 4445 .
2216 4438 2234 4475 x
2252 4434 2291 4474 ·.
