3292 5275
880 513 985 594 70

877 657 1187 749 liturgia,
1245 680 1371 729 nec
1428 679 1564 730 non
1624 670 1698 729 et
1762 659 1959 730 varia
2015 653 2647 729 praedecessorum
2702 651 3000 730 Nostro-

878 797 1036 848 rum
1093 787 1678 870 temperamenta,
1749 779 1920 850 alias
1987 777 2076 849 ad
2143 779 2468 850 eumdem
2525 777 2735 850 finem
2793 779 3000 850 adhi-

874 897 1047 983 bita,
1104 899 1261 972 visa
1306 910 1466 970 sunt
1502 894 1952 991 Apostolicae
2006 899 2389 972 decisionis
2445 900 2805 972 oraculum
2863 921 2998 992 po-

878 1019 1191 1118 stulare..
1224 1015 1450 1103 Sane,
1508 1031 1585 1090 ut
1640 1032 1872 1112 patet,
1935 1015 2408 1108 Protonotarii
2461 1015 2842 1110 Apostolici
2898 1013 2998 1088 ad

878 1135 1102 1210 instar
1140 1133 1742 1237 Participantium
1795 1143 2212 1232 nuncupati,
2269 1139 2656 1230 insignibus
2704 1139 2998 1232 privile-

876 1258 1009 1353 giis
1071 1256 1541 1331 Romanorum
1596 1255 2016 1335 Pontificum
2081 1261 2516 1354 benignitate
2591 1261 2778 1332 aucti
2843 1262 2998 1334 fue·-

876 1390 1069 1452 runt.
1127 1375 1417 1466 Verum,
1477 1392 1556 1453 ut
1607 1393 1716 1453 est
1771 1384 2122 1453 humanae
2180 1394 2472 1452 naturae
2529 1379 2994 1466 infirmitatis,

878 1501 1033 1572 sive
1087 1520 1178 1571 ex
1242 1522 1465 1595 prava
1532 1503 1938 1575 eorumdem
1994 1500 2512 1594 privilegiorum
2566 1503 3000 1593 interpreta-

877 1621 1099 1708 tione,
1164 1621 1319 1695 sive
1384 1623 1597 1694 etiam
1655 1645 1745 1695 ex
1800 1603 2251 1694 immoderato
2316 1623 2663 1695 honorum
2717 1623 2998 1696 deside-

878 1740 983 1814 rio
1018 1789 1039 1826 ,
1110 1763 1245 1816 uon
1308 1765 1468 1816 raro
1533 1756 1734 1815 extra
1793 1737 2048 1814 Urbem
2115 1743 2492 1834 contigisse
2557 1756 2995 1835 compertum

876 1875 1005 1950 est,
1063 1875 1143 1937 ut
1198 1867 1433 1956 plures
1488 1886 1571 1935 cx
1626 1862 2025 1935 memoratis
2079 1857 2588 1936 Protonotariis
2643 1885 2780 1936 uon
2837 1865 2994 1935 sine

876 1983 1071 2076 gravi
1102 1980 1531 2080 Episcopalis
1570 1983 1932 2076 dignitatis
1972 1982 2220 2054 iniuria
2263 1982 2600 2056 indebitas
2629 1982 2756 2055 sibi
2795 2005 3000 2076 prae-

877 2105 1276 2198 rogativaS,
1336 2107 1747 2198 praesertim
1817 2106 1884 2174 in
1950 2099 2473 2174 pontificalibus
2547 2103 2991 2189 exercendiS,

878 2247 1223 2319 usurpare
1304 2227 1934 2320 praesumpserint.
2020 2217 2124 2295 De
2197 2224 2600 2296 huiusmodi
2657 2225 2998 2298 abusibus

876 2368 1092 2441 quum
1151 2345 1756 2439 frequentissimae
1813 2345 2420 2435 expostulationes
2473 2366 2514 2415 a
2560 2365 2696 2417 non
2751 2348 2994 2436 paucis

876 2461 1253 2560 Episcopis
1310 2468 1393 2538 ad
1447 2462 1590 2540 Nos
1647 2467 1924 2538 delatae
1979 2462 2239 2536 suerint
2286 2476 2358 2537 et
2411 2487 2619 2558 porro
2675 2463 2998 2538 deferan-

875 2597 1021 2672 tur,
1069 2581 1209 2660 Nos
1266 2586 1353 2659 ad
1410 2588 1800 2681 praedictos
1857 2586 2324 2657 eliminandos
2383 2587 2664 2670 abusus,
2724 2599 2995 2659 certas—

876 2730 1015 2803 que
1072 2708 1375 2784 edeudas
1430 2708 1747 2798 regulas,
1801 2706 2050 2800 quibus
2130 2706 2493 2798 privilegia
2552 2707 2994 2779 declarentur

876 2822 1385 2902 Protonotariis
1440 2822 1872 2920 Apo'stolicis
1931 2824 2026 2899 ad
2071 2826 2294 2899 instar
2348 2848 2518 2901 vere
2574 2827 2990 2922 proprieque

877 2951 1292 3044 spectantia,
1335 2950 1725 3042 modusque
1763 2949 2220 3043 praefiniatur
2273 2950 2346 3019 iu
2401 2970 2536 3023 usu
2593 2950 2992 3022 eorumdem

875 3071 1413 3165 privilegiorum
1480 3070 1756 3143 omnino
1833 3071 2274 3153 servanduS‚
2336 3070 2761 3161 peculiarem
2819 3092 2998 3143 non-

876 3192 1235 3267 nullorum
1292 3188 1814 3267 venerabilium
1886 3188 2212 3266 Fratrum
2263 3186 2673 3263 Nostrorum
2737 3186 2998 3263 Roma-

874 3332 1013 3387 nae
1068 3309 1432 3387 Ecclesiae
1492 3309 1970 3388 Cardinalium
2053 3312 2268 3385 sacris
2349 3311 2627 3383 tuendis
2710 3306 2994 3383 Ritibus

874 3436 1438 3527 praepositorum
1484 3456 1642 3507 cum
1689 3434 2038 3525 aliquibus
2081 3430 2437 3506 Romanae
2473 3428 2732 3505 Curiae
2767 3426 2994 3503 Prae-

876 3555 1041 3629 latis
1106 3552 1724 3647 Congregationem
1771 3554 2234 3649 deputandam
2274 3552 2632 3637 duximuS‚
2673 3551 2792 3625 cui
2841 3572 2994 3622 rem

877 3676 1285 3751 universam
1330 3676 1838 3750 discutiendam
1897 3672 2395 3747 commisimus.
2451 3666 2652 3759 Quae
2701 3669 2992 3765 quidem

873 3790 1364 3889 Congregatim
1422 3796 1691 3871 cunctis
1749 3806 2072 3867 accurate
2126 3794 2624 3886 diligenterque
2682 3810 2995 3883 perpen-

875 3918 996 4003 sis,
1036 3917 1105 3989 in
1144 3913 1514 3993 Conventu
1572 3918 1698 3991 sub
1754 3917 1869 3990 die
1928 3912 2154 3987 XVlll
2203 3911 2464 3987 mensis
2519 3908 2786 4004 Aprilis
2833 3930 3000 4002 pro-

872 4040 1057 4114 xime
1096 4042 1463 4133 praeteriti
1500 4040 1768 4126 habito,
1806 4036 2158 4129 negotium
2194 4035 2328 4107 sibi
2367 4030 2866 4106 demandatum
2905 4028 2994 4101 ad

875 4161 1132 4233 exitum
1188 4162 1515 4255 perduxit
1568 4173 1778 4257 atque
1839 4159 2008 4232 haec
2061 4179 2244 4252 quae
2301 4164 2696 4251 sequuntur
2747 4152 2996 4225 decer-

872 4282 1101 4355 nenda
1154 4284 1455 4355 censuit.

1084 4399 1141 4477 1.
1200 4398 1684 4481 Protouotarii
1721 4401 2110 4501 Apostolici
2145 4396 2243 4475 ad
2276 4396 2502 4475 instar
2537 4390 2995 4493 participan-
