3292 5275
297 630 678 730 Apostolici
733 636 1199 730 exequutoris
1235 644 1317 709 ut
1355 632 1534 707 infra
1577 616 1987 747 deputandi,
2034 636 2151 708 vel
2204 638 2415 710 etiam

299 758 640 879 cuiusque
696 752 1054 829 Antistitis
1123 752 1579 850 Antioquien.
1631 758 1838 850 plane
1906 740 2425 868 recuperentur

299 870 380 949 ea
431 878 666 990 omnia
719 887 794 950 et
847 878 1150 983 singula,
1205 893 1388 970 quae
1449 873 1538 948 ad
1593 878 1729 989 hoc
1791 896 1972 968 opus
2060 888 2228 949 tunc
2284 899 2416 971 per

299 980 750 1089 sponsionem
813 976 1227 1069 solemniter
1306 998 1683 1119 irrogatam
1768 999 2051 1070 fuerunt
2132 1005 2414 1111 prorsus

295 1128 688 1203 reservata,
719 1137 928 1212 quum
981 1120 1224 1191 evenit
1274 1107 1356 1193 ἰιι
1413 1115 1630 1191 Sedes
1670 1112 2105 1235 Episcopalis
2142 1117 2233 1190 ab
2256 1098 2419 1193 An·-

295 1240 562 1335 tioquia
618 1241 688 1311 in
743 1234 1110 1313 Medellen.
1149 1234 1526 1311 Civitatem
1555 1220 1894 1311 translata
1946 1221 2183 1311 fuerit.
2226 1234 2405 1313 Hinc

300 1365 624 1439 volumus
681 1372 890 1457 atque
948 1361 1354 1433 mandamus
1407 1371 1485 1431 ut
1558 1366 1693 1467 p'ro'
1742 1360 2179 1433 residentiali
2233 1357 2292 1433 E
2300 1362 2421 1453 pi-'

299 1486 494 1579 scopi
547 1485 846 1577 praefati
897 1462 1326 1555 habitatione
1381 1484 1723 1574 eiusque
1709 1460 1953 1555 Curia
2006 1493 2079 1552 et
2114 1472 2417 1589 cancel-

297 1607 474 1679 laria
530 1606 874 1698 ipsaemet
929 1604 1160 1687 aedeS,
1193 1625 1378 1697 quae
1437 1580 1900 1694 perhibentur
1939 1603 2149 1674 fnisse
2207 1582 2417 1675 antea

295 1726 368 1798 in
421 1727 630 1799 hosce
657 1746 822 1797 usus
851 1723 1260 1809 attributae,
1295 1722 1600 1817 satisque
1654 1723 2158 1797 convenienter
2214 1696 2443 1793 adini...

296 1848 487 1920 bitae
511 1848 996 1931 restituantur,
1021 1846 1652 1955 illiusquemensae
1682 1843 2191 1917 adiudicentur.
2208 1839 2417 1916 Prae

299 1980 491 2041 terea
557 1968 642 2039 ad
693 1964 1108 2073 ¹Capitulum
1173 1946 1591 2038 Cathedrale
1674 1966 1860 2058 quod
1942 1965 2223 2048 attinet,
2265 1960 2413 2037 Nos

295 2074 534 2162 habita
590 2088 858 2160 ratione
895 2077 1364 2196 peculiarium
1389 2085 2080 2195 circumstantiarum
2127 2086 2405 2157 interim

296 2210 536 2282 eadem
573 2188 973 2302 Apostolica
1030 2186 1448 2317 auctoritate
1485 2208 1926 2298 iniungimus
1962 2218 2175 2300 atque
2216 2227 2415 2278 man-

295 2331 568 2416 damuS,
597 2339 676 2403 ut
729 2308 1242 2447 quamprimum
1298 2330 1368 2400 in
1426 2330 1616 2401 dicta
1658 2320 2063 2400 Catbedrali
2094 2323 2439 2450 Ecclesia·

293 2448 740 2544 Antioquien.
773 2452 1006 2522 iuxta
1080 2442 1458 2521 Sacrorum
1543 2446 1903 2521 Canonu'm
1985 2430 2412 2542 praescripta

293 2572 596 2666 erigatur
649 2566 1081 2663 Capitulum,
1150 2571 1338 2665 quod
1395 2566 1831 2644 Dioecesano
1886 2562 2194 2643 Praesuli
2248 2588 2415 2662 ope-

295 2715 442 2766 ram
513 2693 816 2766 debitam
879 2703 954 2765 et
1016 2693 1494 2766 reverentiam
1567 2685 1935 2786 praestare
1986 2671 2286 2774 debeat,
2329 2711 2413 2763 ac

292 2815 518 2907 usque
573 2813 738 2885 dum
789 2814 1094 2885 maiores
1179 2793 1606 2886 decimarum
1684 2813 1976 2887 ‘reditus'
2045 2791 2415 2884 numerum

291 2929 804 3008 canonicorum
865 2942 938 3005 et
992 2929 1611 3008 Beneficiariorum
1690 2955 1815 3007 seu
1868 2927 2411 3044 Capellanorum

293 3076 422 3148 pro
479 3056 916 3126 necessitate
959 3055 1304 3146 adaugere
1358 3049 1504 3128 non¹
1552 3057 1814 3170 sinant,
1847 3056 2203 3145 pronunc
2238 3069 2414 3144 qua-

293 3183 452 3248 tuor
505 3174 858 3246 constabit
919 3169 1322 3260 Canonicis,
1387 3161 1684 3268 quorum
1768 3171 2037 3266 primus
2102 3165 2415 3245 Thesau-

291 3291 463 3368 rarii
517 3285 860 3386 dignitate
918 3281 1202 3386 polleat,
1259 3313 1392 3366 nec
1447 3293 1588 3368 n'on
1644 3295 1825 3365 binis
1882 3279 2283 3386 Capelianis
2322 3293 2409 3366 de

289 3411 352 3489 Γ
349 3416 521 3488 horo
578 3402 1094 3506 nuncupandis,
1131 3423 1206 3484 ac·
1256 3415 1480 3486 altero
1517 3402 1807 3488 secundi
1832 3403 2170 3486 Canto-ris
2210 3423 2409 3504 gerat

287 3537 529 3607 munia
587 3543 662 3607 et
717 3533 931 3621 vices,
961 3535 1078 3628 qui
1139 3555 1376 3608 omnes
1402 3521 1658 3608 divino
1696 3535 1907 3605 cultui
1943 3555 2032 3606 ex
2074 3552 2267 3605 more
2304 3533 2415 3604 in-

289 3657 686 3749 stitutoque
744 3654 1144 3740 inservire,
1201 3667 1274 3728 et
1329 3654 1800 3730 ecclesiastica
1866 3654 2098 3728 officia
2148 3645 2411 3726 sedulo

287 3778 682 3860 absolvere,
713 3765 1130 3868 cunctisque
1185 3776 1596 3864 bonoribus,
1621 3776 1921 3860 iuribus,
1955 3769 2411 3851 facultatibus

287 3896 821 3990 praerogativiS,
854 3887 1119 3988 gratiis,
1149 3895 1512 3970 favoribus
1561 3908 1656 3972 et
1694 3897 2119 3989 privilegiis,
2153 3897 2413 3990 quibus

285 4017 376 4089 de
433 4019 586 4089 iure
639 4017 1000 4094 communi
1051 4029 1328 4089 caetera
1393 4018 1464 4090 in
1509 4014 2075 4110 Neogranatensi
2127 4013 2410 4092 Ditione

283 4129 814 4211 cathedralium
869 4128 1196 4228 Capitula
1263 4141 1626 4222 fruuntur,
1682 4139 1896 4233 potiri
1982 4127 2303 4212 debeant
2338 4147 2411 4210 et

282 4261 594 4332 valeant.
637 4255 814 4332 Cum
851 4268 1086 4330 autem
1123 4255 1379 4332 Dileet‘l
1437 4262 1649 4335 etiam
1678 4255 2409 4334 Filii-Valerius‘Mar-

283 4381 506 4471 tinez,
565 4391 636 4452 et
655 4371 942 4452 ‘Linus'
965 4371 1669 4476 'Giano-Presbyteri?
1690 4405 1731 4456 a
1761 4369 2119 4474 primaevo
2151 4371 2409 4454 Antio*-
