3292 5275
2196 486 2354 567 207

358 646 787 700 ΕθΚΒΉΊὟΤΙΟ
838 641 1190 699 ΜΕΙΔΤΙΟᾸ
1244 644 1429 698 nm
1488 646 1569 697 ΒΕ
1624 646 1920 699 tecuam
1977 646 2248 700 claustr.

852 1289 1101 1387 PlVS
1166 1284 1764 1385 EPISCOPVS

716 1550 1071 1629 SERVVS
1152 1548 1652 1627 SERVORVM
1735 1548 1894 1625 DEI

412 1746 427 1759 ’
486 1786 803 1855 saeuo
856 1784 1517 1855 APPROBANTE
1569 1763 2040 1854 CONclLlo'

766 2034 847 2083 An
900 2030 1265 2083 Pssnrss‘rvn
1322 2030 1423 2081 RE!
1482 2030 1832 2081 tuomst.

236 2582 559 2748 Pastor
610 2682 937 2744 aeternus
974 2679 1045 2742 et
1080 2669 1453 2766 episeopus
1508 2669 1884 2746 animarum
1919 2679 2348 2759 nostrarum,

238 2805 321 2866 ut
388 2794 823 2866 salutiferum
877 2790 1373 2885 redemptionis
1409 2814 1583 2887 opus
1651 2813 1958 2886 perenne
2005 2791 2352 2880 redderet,

234 2923 562 2986 sanctam
600 2909 959 2983 aedificare
995 2905 1391 2986 Ecclesiam
1445 2913 1792 2998 decrevit,
1841 2911 1912 2983 in
1951 2933 2090 3007 qua
2127 2915 2352 2987 veluti

242 3035 319 3106 in
361 3035 567 3106 domo
595 3029 727 3104 Dei
753 3032 1059 3104 viventis
1097 3031 1335 3106 fideles
1374 3055 1613 3107 omnes
1642 3035 1854 3107 unius
1891 3033 2054 3106 fidei
2089 3045 2164 3106 et
2188 3037 2354 3108 eha—

234 3155 471 3226 ritatis
520 3153 813 3225 vinculo
848 3152 1403 3226 continerentur.
1444 3149 1910 3248 Quapropter,
1947 3154 2352 3248 priusquam

235 3273 773 3358 clarificaretur,
826 3273 1089 3366 rogavit
1126 3269 1411 3346 Patrem
1444 3295 1593 3347 non
1628 3295 1756 3366 pro
1793 3269 2144 3367 Apostolis
2197 3284 2354 3347 tau-

234 3407 414 3478 tum,
474 3395 597 3466 sed
654 3405 725 3466 et
780 3413 907 3485 pro
960 3393 1061 3466 eis
1092 3443 1115 3480 ,
1168 3397 1297 3488 qui
1350 3393 1688 3469 credituri
1749 3402 1952 3466 erant
2005 3415 2129 3487 per
2180 3417 2352 3468 ver-

230 3515 397 3586 bum
451 3534 693 3588 eorum
748 3514 821 3583 in
875 3512 1129 3606 ipsum,
1168 3523 1247 3586 ut
1302 3536 1537 3589 omnes
1574 3535 1800 3590 unum
1851 3526 2119 3596 essent,
2171 3515 2352 3590 sieut

236 3635 387 3727 ipse
454 3629 683 3707 Filius
756 3645 835 3706 et
910 3629 1127 3708 Pater
1190 3653 1412 3708 unum
1488 3647 1672 3708 sunt.
1747 3629 2352 3724 Quemadmodum

236 3753 459 3846 igitur
540 3749 911 3848 Apostolos
950 3803 975 3839 ‚
1054 3777 1227 3848 quos
1302 3753 1431 3828 sibi
1506 3755 1593 3828 de
1655 3755 1920 3830 mundo
1991 3756 2349 3850 elegerat,

236 3872 481 3959 misit,
540 3871 723 3948 siem
776 3875 931 3966 ipse
984 3873 1239 3948 missus
1290 3885 1445 3948 erat
1498 3899 1539 3948 a
1595 3873 1857 3948 Patre:
1911 3875 2020 3946 ita:
2073 3875 2146 3947 in
2201 3871 2350 3949 Ee·-

234 3993 453 4066 ciesia
506 4011 639 4088 sua
689 3988 1019 4068 Pastores
1067 4003 1141 4066 et
1194 3991 1535 4070 Dootores
1590 4016 1816 4090 usque
1871 3996 1960 4092 ad
2013 4010 2348 4070 consum·-

234 4116 619 4187 mationem
674 4115 937 4186 saeculi
990 4135 1149 4189 esse
1204 4117 1459 4190 voluit.
1524 4111 1619 4188 Ut
1675 4136 1849 4192 vero
1901 4112 2347 4209 episcopatus

236 4231 385 4325 ipse
426 4255 609 4306 unus
645 4245 717 4306 et
754 4233 1101 4310 indivisus
1156 4245 1369 4322 esset,
1406 4245 1481 4310 et
1526 4257 1650 4330 per
1703 4235 2152 4310 cohaerentes
2215 4237 2346 4309 sibi

235 4351 538 4428 invicem
594 4353 993 4430 sacerdotes
1072 4355 1515 4432 credentium
1567 4355 1944 4434 multitudo
2007 4357 2346 4434 universa
