3292 5275
830 428 991 511 210

831 570 977 643 lum
1032 589 1165 641 non
1218 588 1372 641 esse
1428 588 1471 639 a
1520 558 1802 639 Christo
1858 560 2161 636 Domino
2226 564 2692 638 constitutum
2753 558 2950 657 Apo-

832 691 1171 764 stolorum
1208 688 1520 761 omnium
1558 688 1952 781 principem
1987 698 2062 757 et
2099 684 2311 756 totius
2349 679 2714 757 Ecclesiae
2752 686 2950 757 mili-

830 810 1051 883 tantis
1104 808 1385 883 visibile
1437 818 1704 900 caput3
1756 809 1871 881 -vel
1925 806 2252 879 eumdem
2303 804 2590 879 honoris
2645 816 2946 893 tantum,

832 951 975 1004 non
1032 942 1271 1004 autem
1324 950 1539 1005 verae
1595 929 2060 1022 propriaeque
2117 924 2622 999 iurIsdictionis
2678 928 2952 1019 prima-

834 1060 979 1124 tum
1029 1050 1121 1122 ab
1172 1050 1417 1123 eodem
1472 1044 1776 1121 Domino
1831 1057 2072 1120 nostro
2125 1042 2288 1117 lesu
2343 1040 2626 1117 Christo
2680 1045 2948 1119 directe

831 1181 906 1245 et
958 1170 1363 1243 immediate
1416 1169 1818 1260 accepisse3
1875 1166 2242 1239 anathema
2297 1164 2403 1239 sit.

1667 1406 1976 1483 CAPUT
2033 1408 2122 1483 ΙΙ.

1154 1676 1235 1726 1>ss
1292 1676 1774 1727 murmurum
1833 1676 2146 1728 Futurus
2202 1676 2381 1727 nem
2441 1676 2622 1727 Parni

1448 1799 1509 1848 tn
1566 1798 1838 1849 nonnus
1893 1797 2345 1849 venustemus.

1046 2016 1253 2109 Quod
1306 2026 1544 2091 antem
1599 2018 1672 2088 in
1727 2016 1935 2091 beato
1971 2014 2314 2111 Apostolo
2368 2016 2582 2093 Petro
2635 2018 2958 2112 princeps

836 2151 1203 2236 pastorum
1254 2149 1327 2214 et
1382 2148 1625 2231 pastor
1677 2160 1973 2229 magnus
2030 2142 2272 2215 ovium
2347 2135 2691 2214 Dominus
2745 2136 2960 2212 Chri-

840 2272 994 2335 stus
1049 2258 1248 2335 Iesus
1284 2260 1359 2331 in
1396 2268 1808 2353 perpetuam
1861 2262 2161 2333 salutem
2213 2282 2295 2333 ac
2332 2282 2636 2353 perenne
2691 2262 2960 2334 honum

834 2380 1195 2459 Ecclesiae
1249 2381 1604 2465 instituit,
1663 2380 1730 2452 id
1785 2380 2032 2453 eodem
2114 2392 2399 2454 auctore
2465 2382 2538 2452 in
2591 2377 2951 2466 Ecclesia,

834 2524 1021 2599 quae
1100 2503 1383 2577 fundata
1454 2523 1668 2595 super
1746 2513 2015 2595 petram
2081 2502 2166 2574 ad
2213 2500 2441 2602 'finem
2523 2502 2959 2576 saeculorum

836 2645 1063 2720 usque
1098 2622 1293 2697 firma
1330 2622 1567 2707 stabit,
1623 2623 1883 2717 iugiter
1937 2624 2190 2697 durare
2247 2645 2538 2698 necesse
2593 2636 2724 2698 est.
2766 2620 2959 2698 Nulli

836 2766 1007 2820 sane
1041 2745 1361 2828 dubium,
1402 2745 1541 2817 imo
1578 2742 1874 2817 saeculis
1930 2745 2251 2821 omnibus
2305 2756 2544 2818 notum
2593 2757 2727 2833 est,
2767 2747 2960 2840 quod

840 2878 1129 2942 sanctus
1183 2865 1772 2958 beatissimusque
1826 2861 2082 2938 Petrus
2109 2915 2129 2950 ‚
2187 2863 2686 2958 Apostolorum
2753 2871 2962 2961 prin-

838 3008 1007 3082 ceps
1058 2997 1133 3060 et
1188 2994 1417 3079 caput,
1475 2985 1792 3079 fideique'
1833 2987 2156 3058 columna
2209 2999 2282 3059 et
2318 2983 2676 3059 Ecclesiae
2714 2991 2964 3062 catho-

838 3108 1017 3184 licae
1072 3106 1631 3194 fundamentum,
1687 3129 1728 3178 a
1784 3103 2081 3181 Domino
2135 3117 2378 3183 nostro
2433 3107 2590 3182 lesu
2645 3105 2962 3200 Christo,

841 3224 1201 3304 Salv-aiore
1258 3226 1535 3302 humani
1590 3229 1866 3319 generis
1905 3249 1984 3300 ac
2021 3223 2520 3322 Redemptore,
2575 3233 2801 3306 claves
2852 3256 2966 3306 re-

842 3353 963 3443 gni
1016 3351 1333 3442 accepit:
1420 3347 1542 3443 qui
1598 3350 1687 3420 ad
1743 3349 1874 3422 hoc
1929 3371 2148 3444 usque
2227 3362 2502 3446 tempus
2559 3363 2630 3427 et
2683 3375 2964 3448 semper

840 3469 913 3542 in
970 3471 1113 3543 suis
1167 3469 1720 3554 successoribus,
1803 3473 2150 3564 episcopis
2231 3486 2518 3548 sanctae
2599 3471 2964 3550 Romanae

842 3585 1070 3676 Sedis,
1152 3591 1240 3662 ab
1295 3589 1446 3683 ipso
1500 3590 1856 3676 fundatae,
1936 3592 2226 3686 eiusque
2280 3608 2733 3670 consecratae
2791 3619 2964 3670 san-

844 3713 1056 3803 guine
1087 3759 1108 3797 ,
1162 3711 1343 3784 vivit
1395 3721 1470 3785 et
1524 3710 1873 3804 praesidet
1927 3724 2001 3785 et
2061 3715 2400 3789 iudicium
2481 3729 2766 3792 exercet
2821 3709 2959 3818 (1).

842 3827 1045 3909 Unde
1098 3832 1523 3926 quicumque
1578 3833 1652 3904 in
1709 3833 1836 3904 hac
1871 3829 2212 3907 Cathedra
2249 3831 2464 3908 Petro
2519 3839 2858 3924 succedit,
2901 3843 2964 3913 is

848 3953 1234 4026 secundum
1270 3949 1533 4026 Christi
1572 3953 1791 4045 ipsius
1849 3954 2355 4030 institutionem
2411 3959 2786 4051 primatum
2824 3956 2970 4034 Pe-

845 4073 937 4144 tri
995 4074 1069 4144 in
1122 4073 1525 4146 universam
1579 4066 1964 4147 Ecclesiam
2021 4077 2314 4150 obtinet.
2375 4075 2614 4156 Manet
2649 4101 2818 4175 ergo
2857 4083 2968 4156 di-

1006 4313 1087 4406 (1)
1131 4316 1226 4385 Cf.
1276 4314 1581 4402 Ephesini
1630 4319 1900 4388 Concilii
1947 4321 2091 4391 Act.
2139 4319 2252 4390 111.
