3292 5275
896 496 1001 578 32

1107 634 1162 711 Ι.
1219 633 1457 711 Firma
1511 649 1921 713 remanente
1986 640 2345 713 divisione
2408 633 2767 713 Missionis
2832 634 3008 715 Sve-

891 756 1041 830 ciae
1088 779 1131 832 a
1167 754 1504 833 Missione
1540 753 1959 853 Norvegiae,
1993 780 2207 854 quam
2245 754 2674 852 Apostolicis
2724 754 3011 835 Litteris

890 877 1364 965 decrevimuS,
1417 878 1504 953 de
1560 879 1813 973 quihus
1864 880 2109 953 hahita
2147 889 2313 953 ante
2368 880 2639 953 mentio‘
2684 890 2819 967 est,
2879 898 3011 973 po-

890 1008 1212 1073 stremam
1249 1000 1428 1073 hanc
1465 999 1536 1071 in
1567 995 2095 1075 Praefecturam
2126 994 2605 1091 Apostolicam
2638 998 3009 1090 erigimu53

887 1119 1092 1211 eique
1143 1127 1430 1195 cunctas
1485 1114 1871 1213 Norvegiae
1914 1122 2237 1212 regiones
2274 1120 2599 1195 volumus
2635 1138 2791 1192 esse
2838 1120 3009 1195 sub-

887 1236 1132 1316 iectus.

1101 1356 1192 1433 11.
1249 1355 1779 1435 Praefecturam
1820 1356 2179 1447 Dameam,
2216 1361 2413 1435 ouius
2452 1361 2525 1435 in
2572 1360 2823 1435 iisdem
2858 1358 3009 1441 Litr

891 1479 1058 1555 teris
1095 1480 1426 1555 iussimus
1462 1485 1923 1569 erectionem,
1957 1484 2049 1557 ad
2084 1494 2314 1557 totum
2350 1478 2623 1555 Daniae
2669 1478 3001 1573 Regnum

889 1600 1338 1679 extendimus
1349 1624 1374 1691 3
1427 1614 1638 1697 atque
1696 1604 1957 1677 idcirco
2024 1602 2291 1677 insulas
2350 1622 2627 1695 quoquc
2688 1598 2999 1691 Feri-oia,

885 1716 1264 1809 lalandiae,
1295 1734 1366 1795 et
1397 1718 1912 1799 Gronelandiae
1948 1722 2051 1795 illi
2089 1722 2575 1807 adscribimus,
2636 1744 2723 1797 ea
2766 1732 3001 1799 tamen

887 1842 1066 1933 lege,
1118 1855 1198 1919 ut
1253 1868 1296 1919 a
1348 1838 1634 1919 Vicat-io
1686 1840 2087 1936 Apostolico
2140 1842 2530 1936 dependeat
2584 1837 3003 1923 Missionm

885 1956 1603 2055 Septemtrionalium.

1097 2078 1216 2154 ΙΙΙ.
1273 2079 1552 2157 lnsuias
1609 2080 2037 2171 Eskimaies,
2075 2081 2353 2159 Novum
2389 2079 2891 2169 cumberland,
2926 2098 3002 2161 et

885 2202 1218 2297 quidquid
1275 2203 1460 2275 alind
1515 2206 1600 2277 ad
1658 2202 2057 2279 Americam
2112 2202 2791 2299 septemtrionalem,
2847 2216 3001 2279 tum

883 2324 1196 2417 politice,
1237 2334 1388 2399 tum
1425 2328 1887 2419 geographice
1928 2326 2312 2420 pertinenS‚
2342 2326 2482 2399 huc
2517 2346 2739 2419 usque
2767 2308 2999 2399 Areti-

883 2464 1008 2517 cae
1059 2438 1555 2519 Praefecturae
1607 2446 1873 2523 finibus
1924 2448 2507 2541 comprehensum
2562 2445 2721 2531 tuit,
2770 2441 3000 2537 Supe-

883 2566 1056 2640 riori
1107 2560 1432 2640 Canadae
1486 2567 1883 2642 tribuimus.
2394 2632 2401 2641 ,

1093 2682 1218 2760 IV.
1273 2683 1889 2781 septemtrionales
1940 2683 2221 2762 Scotiae
2276 2689 2625 2780 regiones,
2680 2682 2998 2762 Comita-

883 2819 1030 2882 tum
1059 2827 1310 2901 nempe
1322 2803 1801 2896 Caithnesiae,
1828 2805 2097 2882 Insulas
2115 2804 2665 2894 Schetlandicas‚
2683 2819 2753 2884 et
2781 2804 2999 2884 Orca-

879 2927 1032 3014 das,
1054 2948 1230 3022 quas
1261 2949 1387 3020 per
1407 2923 1709 3002 Decreta
1737 2925 1989 3000 Sacrae
2009 2925 2589 3020 Congregationis
2601 2922 2997 3022 Propagan-

881 3048 1016 3122 dae
1043 3043 1239 3120 Fidei
1292 3043 1777 3122 praefecturae
1814 3044 1969 3122 Poli
2008 3044 2303 3134 Arctici‚
2359 3048 2533 3120 alias
2570 3048 2993 3138 addiximus,

877 3163 1158 3240 Scotiae
1196 3166 1594 3256 reddimus3
1627 3189 1720 3241 ex
1760 3169 1991 3262 iisque
2026 3168 2237 3242 aliam
2274 3166 2751 3263 Apostolicam
2778 3164 2995 3243 Prae-

877 3288 1219 3360 fecturam
1275 3257 1574 3360 facimus
1603 3337 1626 3374 ,
1680 3309 1859 3383 quae
1926 3284 2201 3362 Vicario
2258 3284 2659 3381 Apostolico
2731 3283 2995 3364 Distri-

877 3417 1032 3481 ctus
1085 3403 1364 3480 Scotiae
1422 3403 2025 3499 Septemtrionalis
2079 3410 2395 3484 subiecta
2451 3410 2571 3482 sit.

1089 3524 1174 3600 V.
1235 3523 1554 3623 Denique
1593 3524 2147 3616 Praefecturam,
2190 3549 2405 3623 quam
2440 3528 2648 3604 dictis
2686 3529 2825 3602 dici
2862 3523 2992 3606 vn

873 3648 1138 3722 mensis
1189 3644 1486 3742 Augusti
1543 3651 1931 3742 superioris
1986 3653 2158 3724 anni
2202 3647 2495 3724 Litteris
2538 3670 2665 3741 pro
2704 3645 2993 3724 Ducati-

878 3769 1010 3842 bus
1044 3763 1362 3842 Holstein
1417 3779 1491 3844 et
1527 3764 1913 3863 Schleswig
1950 3772 2330 3856 ereximuS,
2362 3771 2675 3863 itemque
2710 3764 2990 3848 vicario

875 3884 1278 3982 Apostolico
1331 3887 1739 3964 subiicimua
1800 3886 2203 3966 Missionum
2278 3885 2987 3983 Septemtrionalium

875 4005 1070 4082 illam
1123 4011 1240 4082 vel
1293 4009 1765 4104 praesentium
1823 4021 2064 4086 tenore
2120 4031 2513 4086 servamus.

1087 4123 1558 4203 Decernentes
1617 4142 2029 4224 praesentes
2092 4127 2426 4214 Litteras,
2482 4128 2747 4216 firmae,
2806 4131 2991 4206 vali·-

875 4246 1026 4336 das,
1060 4257 1133 4321 et
1189 4246 1502 4324 efficaces
1555 4250 1851 4326 existere
1896 4273 1978 4326 ac
2032 4253 2209 4340 fore,
2264 4259 2565 4346 auosque
2619 4247 2986 4344 plenarios,

875 4379 950 4444 et
1003 4369 1312 4464 integros
1365 4371 1660 4448 effectus
1714 4371 1981 4460 sortiri,
2036 4382 2111 4448 et
2160 4369 2511 4458 obtinere,
2568 4391 2655 4446 ac
2706 4370 2842 4448 illia
2894 4371 2986 4450 ad
