3292 5275
883 472 1034 559 1⁷8

879 644 1185 697 amorem
1265 627 1660 717 praeferant
1724 632 1798 695 et
1851 621 2371 693 observantiam
2426 618 2497 691 in
2550 616 3009 705 Ecclesiam,

877 744 1040 816 lieet
1093 743 1157 817 ci
1213 746 1510 817 tuendae
1565 742 1919 833 ingenium
1978 760 2405 835 operamque
2442 742 2854 835 impendere
2896 742 3019 813 vi-

877 863 1172 936 deantur
1199 886 1225 952 3
1281 864 1665 938 doctrinam
1723 875 1957 936 tamen
2012 864 2164 935 eius
2220 873 2294 933 et
2350 882 2639 935 sensum
2696 884 3007 955 perver-

879 994 1026 1059 tere
1083 987 1409 1061 uituntur
1471 998 1570 1070 et,
1633 1006 1761 1077 pro
1832 984 2119 1061 diversa
2194 983 2577 1060 animorum
2652 982 3007 1079 cuiusque

877 1106 1421 1197 comparatione,
1479 1104 1819 1185 inclinare
1875 1106 1951 1181 in
2004 1103 2408 1199 obsequium
2472 1106 2580 1174 vel
2630 1094 2997 1189 Caesaris,

877 1228 995 1301 vel
1050 1237 1474 1298 assertorum
1529 1227 1747 1297 falsae
1803 1225 2153 1296 libertatis
2218 1226 2539 1310 iurium3
2594 1225 2731 1314 rati
2808 1226 3003 1299 hanc

875 1346 1161 1424 omnino
1215 1347 1582 1421 ineundam
1636 1367 1791 1418 esse
1846 1348 2191 1419 rationem
2246 1346 2334 1417 ad
2390 1346 2849 1417 auferendam
2890 1347 3011 1417 di·-

879 1467 1310 1541 scordiarum
1363 1488 1674 1547 causam,
1715 1466 1803 1539 ad
1858 1466 2377 1539 conciliandum
2428 1484 2589 1537 cum
2634 1466 3005 1556 evangelio

877 1590 1266 1681 praesentis
1323 1588 1679 1661 societatis
1736 1607 2207 1679 progressum,
2266 1586 2355 1657 ad
2412 1586 2730 1659 ordinem
2794 1596 3013 1661 tran-

875 1709 1430 1803 quillitatemque
1488 1708 2038 1794 restituendam3
2094 1708 2384 1800 perinde
2439 1729 2525 1779 ac
2578 1708 2641 1779 si
2678 1710 2795 1781 lux
2830 1730 3009 1781 cum

877 1830 1186 1901 tenebris
1239 1830 1554 1922 copulari
1609 1830 1908 1916 valeret,
1961 1836 2033 1899 et
2090 1828 2351 1901 veritas
2402 1838 2649 1901 natura
2684 1851 2807 1902 sua
2846 1851 3007 1903 non

878 1950 1276 2043 privaretur
1312 1952 1432 2025 vix
1485 1972 1561 2021 ac
1625 1952 1976 2028 violenter
2010 1949 2263 2021 inflexa
2302 1946 2542 2021 nativo
2580 1949 2823 2043 vigore
2860 1972 3010 2025 suo

875 2080 1186 2141 exuatur.
1247 2066 1568 2143 Proiecto
1613 2070 1681 2142 sl
1708 2090 2139 2164 oppugnare
2196 2070 2515 2143 nitamini
2588 2068 3013 2145 insidiosum

873 2190 1063 2263 hunc
1091 2212 1400 2264 errorem
1437 2213 1521 2264 eo
1559 2191 2118 2283 periculosiorem
2148 2202 2389 2285 aperta
2428 2192 2813 2277 simultate,
2840 2215 3007 2286 quo

875 2313 1294 2405 speciosiore
1349 2313 1482 2385 zeli
1537 2312 1997 2407 caritatisque
2052 2312 2212 2389 velo
2269 2312 2663 2397 obducitur,
2700 2324 2771 2385 et
2826 2314 3019 2385 sim-

874 2432 1088 2526 plices
1143 2432 1232 2502 ab
1268 2454 1350 2504 eo
1389 2432 1747 2504 retrahere
1784 2433 2025 2507 sedulo
2059 2432 2359 2517 cun-etis,
2394 2434 2745 2507 funestam
2782 2435 3017 2507 extir-

876 2554 1126 2648 pabitis
1163 2554 1610 2627 dissidiorum
1650 2553 1975 2641 radicem,
2004 2556 2491 2648 efficacemque
2529 2554 2784 2626 dabitis
2816 2576 3019 2647 ope-

875 2696 1027 2747 ram
1079 2676 1628 2768 compingendae
1684 2675 2173 2770 fovendaeque
2228 2675 2622 2748 animorum
2688 2677 3015 2748 coniun-

873 2795 1116 2866 ctioni.
1175 2791 1378 2868 Hisce
1433 2799 1750 2887 profecto
1806 2794 2089 2868 monitis
2128 2816 2257 2868 vos
2296 2815 2439 2868 non
2480 2797 2840 2887 indigetis,
2868 2801 3015 2892 qui

872 2915 1049 2989 adeo
1100 2917 1568 3011 obsequenter
1621 2914 1725 2990 et'
1748 2913 2067 2990 absolute
2124 2915 3015 2992 adhaeoetis.documentis

872 3029 1190 3108 omnibus
1264 3039 1475 3112 huius
1525 3031 1973 3129 Apostolicae
2022 3032 2229 3109 Sedis
2260 3085 2285 3123 ,
2354 3058 2399 3108 a
2456 3059 2597 3131 qua
2670 3037 3017 3114 liberalia

871 3156 1220 3251 principia
1277 3158 1485 3230 toties
1541 3159 1918 3251 reprobata
1974 3155 2255 3229 vidistis
2285 3157 2487 3245 ;'sed
2526 3158 2765 3250 'ipsum
2802 3155 3015 3232 desi-

871 3276 1149 3348 derium
1201 3277 1657 3371 expeditioris
1710 3289 1785 3350 et
1838 3277 2204 3352 uberioris.
2252 3288 2641 3369 proventus
2678 3279 3019 3354 laborum

871 3407 1266 3471 vestrorum
1341 3416 1468 3470 nos
1533 3399 1865 3490 compulit
1928 3399 2019 3470 aid
2084 3397 2553 3472 refricandam
2620 3398 2819 3474 vohis
2888 3404 3017 3476 rei

871 3508 1050 3590 adeo
1105 3519 1338 3608 gravis
1415 3513 1839 3592 memoriam.
1893 3514 2235 3592 Ceterum
2305 3519 2569 3592 bonum
2640 3531 3021 3596 certamen

871 3627 1276 3731 susceptum
1329 3641 1665 3712 alacriter
1714 3650 1989 3712 certare
2046 3641 2343 3732 pergite,
2384 3651 2462 3712 et
2494 3641 2815 3734 quotidie
2852 3663 3019 3716 ma-

868 3759 970 3852 gis
1023 3759 1205 3831 bene
1259 3762 1510 3832 mereri
1565 3761 1969 3834 contendite
2025 3759 2113 3832 de
2168 3755 2489 3832 Ecclesia
2546 3756 2735 3848 Dei3
2788 3781 3019 3836 com-

871 3894 1033 3951 itam
1084 3890 1485 3971 speetantes
1539 3881 1628 3952 al>
1666 3877 1847 3974 Ipso
1898 3879 2097 3954 vobis
2150 3880 2607 3954 reddendam.
2664 3875 2811 3955 Nos
2888 3884 3017 3956 in-

873 4001 1076 4073 terim
1105 4001 1348 4074 officiis
1373 4003 1629 4074 vestris
1665 4003 2160 4092 &atissimum
2191 3999 2607 4093 profitemur
2648 4001 3017 4086 anirum,

873 4109 1201 4214 novaque
1265 4139 1541 4213 semper
1615 4118 2053 4192 incrementa
2096 4132 2210 4192 ·et·.
2234 4123 2631 4214 copiosiora
2704 4143 3015 4198 munera

875 4229 1208 4315 caelestia
1246 4241 2067 4334 adpreeamursoeietati
2112 4253 2445 4332 νων-ιω
2481 4262 2727 4316 eorum
2764 4255 3015 4322 autem

873 4351 1250 4456 auspiciem
1304 4383 1458 4436 esse
1512 4359 1857 4456 cupimus·
1886 4361 2364 4458 Apostolicam
2396 4359 3011 4452 Benedictionem,
