<?xml version="1.0" encoding="UTF-8"?>
<!DOCTYPE html PUBLIC "-//W3C//DTD XHTML 1.0 Transitional//EN"
    "http://www.w3.org/TR/xhtml1/DTD/xhtml1-transitional.dtd">
<html xmlns="http://www.w3.org/1999/xhtml" xml:lang="en" lang="en">
 <head>
  <title>
</title>
<meta http-equiv="Content-Type" content="text/html;charset=utf-8" />
  <meta name='ocr-system' content='tesseract 3.04.00' />
  <meta name='ocr-capabilities' content='ocr_page ocr_carea ocr_par ocr_line ocrx_word'/>
</head>
<body>
  <div class='ocr_page' id='page_1' title='image "./piiixpontificis01ixgoog_0292.png"; bbox 0 0 3292 5275; ppageno 0'>
   <div class='ocr_carea' id='block_1_1' title="bbox 872 468 2243 706">
    <p class='ocr_par' dir='ltr' id='par_1_1' title="bbox 872 468 2243 706">
     <span class='ocr_line' id='line_1_1' title="bbox 872 468 2243 706; baseline -0.001 -1"><span class='ocrx_word' id='word_1_1' title='bbox 872 468 1031 549; x_wconf 66' lang='grc'><strong>296</strong></span> <span class='ocrx_word' id='word_1_2' title='bbox 1623 608 2243 706; x_wconf 81' lang='lat' dir='ltr'>DECRETVM</span> 
     </span>
    </p>
   </div>
   <div class='ocr_carea' id='block_1_2' title="bbox 1449 942 2414 1015">
    <p class='ocr_par' dir='ltr' id='par_1_2' title="bbox 1449 942 2414 1015">
     <span class='ocr_line' id='line_1_2' title="bbox 1449 942 2414 1015; baseline 0 -8"><span class='ocrx_word' id='word_1_3' title='bbox 1449 942 1790 1011; x_wconf 73' lang='lat' dir='ltr'><strong>vnssls</strong></span> <span class='ocrx_word' id='word_1_4' title='bbox 1863 944 1991 1013; x_wconf 86' lang='lat' dir='ltr'><strong>ET</strong></span> <span class='ocrx_word' id='word_1_5' title='bbox 2063 944 2414 1015; x_wconf 74' lang='lat' dir='ltr'><strong>onssls.</strong></span> 
     </span>
    </p>
   </div>
   <div class='ocr_carea' id='block_1_3' title="bbox 905 1185 2948 1363">
    <p class='ocr_par' dir='ltr' id='par_1_3' title="bbox 905 1185 2948 1363">
     <span class='ocr_line' id='line_1_3' title="bbox 905 1185 2948 1253; baseline 0 -14"><span class='ocrx_word' id='word_1_6' title='bbox 905 1190 1029 1253; x_wconf 78' lang='lat' dir='ltr'><strong>Qvo</strong></span> <span class='ocrx_word' id='word_1_7' title='bbox 1066 1189 1123 1241; x_wconf 80' lang='lat' dir='ltr'><strong>S·</strong></span> <span class='ocrx_word' id='word_1_8' title='bbox 1167 1185 1522 1243; x_wconf 67' lang='lat' dir='ltr'><strong>Abvuousvs</strong></span> <span class='ocrx_word' id='word_1_9' title='bbox 1577 1188 1764 1243; x_wconf 72' lang='grc' dir='ltr'><strong>ΙΑΜΑ</strong></span> <span class='ocrx_word' id='word_1_10' title='bbox 1824 1190 1904 1241; x_wconf 68' lang='grc' dir='ltr'><strong>ΒΕ</strong></span> <span class='ocrx_word' id='word_1_11' title='bbox 1955 1190 2209 1243; x_wconf 71' lang='grc' dir='ltr'>ιΙῦΟΙὶΙΟ</span> <span class='ocrx_word' id='word_1_12' title='bbox 2249 1190 2557 1245; x_wconf 70' lang='lat' dir='ltr'>DOCTOMS</span> <span class='ocrx_word' id='word_1_13' title='bbox 2613 1189 2948 1247; x_wconf 69' lang='lat' dir='ltr'><strong>ecctssstts</strong></span> 
     </span>
     <span class='ocr_line' id='line_1_4' title="bbox 1558 1310 2295 1363; baseline -0.004 -2"><span class='ocrx_word' id='word_1_14' title='bbox 1558 1310 1797 1363; x_wconf 73' lang='lat' dir='ltr'><strong>&#39;rtTvto</strong></span> <span class='ocrx_word' id='word_1_15' title='bbox 1855 1310 2295 1363; x_wconf 72' lang='lat' dir='ltr'><strong>uoussrnvn.</strong></span> 
     </span>
    </p>
   </div>
   <div class='ocr_carea' id='block_1_4' title="bbox 862 1728 3020 4452">
    <p class='ocr_par' dir='ltr' id='par_1_4' title="bbox 862 1728 3020 4452">
     <span class='ocr_line' id='line_1_5' title="bbox 868 1728 2994 1920; baseline 0.001 -26"><span class='ocrx_word' id='word_1_16' title='bbox 868 1728 1091 1896; x_wconf 73' lang='lat' dir='ltr'><strong>luter</strong></span> <span class='ocrx_word' id='word_1_17' title='bbox 1144 1844 1267 1897; x_wconf 89' lang='lat' dir='ltr'><strong>eos</strong></span> <span class='ocrx_word' id='word_1_18' title='bbox 1321 1826 1439 1918; x_wconf 90' lang='lat' dir='ltr'><strong>qui</strong></span> <span class='ocrx_word' id='word_1_19' title='bbox 1493 1828 1814 1899; x_wconf 80' lang='lat' dir='ltr'><strong>fecerunt</strong></span> <span class='ocrx_word' id='word_1_20' title='bbox 1865 1836 1940 1898; x_wconf 81' lang='lat' dir='ltr'><strong>et</strong></span> <span class='ocrx_word' id='word_1_21' title='bbox 1991 1826 2420 1909; x_wconf 84' lang='lat' dir='ltr'><strong>docuerunt,</strong></span> <span class='ocrx_word' id='word_1_22' title='bbox 2473 1846 2793 1920; x_wconf 80' lang='lat' dir='ltr'><strong>quosque</strong></span> <span class='ocrx_word' id='word_1_23' title='bbox 2847 1820 2994 1897; x_wconf 88' lang='lat' dir='ltr'><strong>Do-</strong></span> 
     </span>
     <span class='ocr_line' id='line_1_6' title="bbox 867 1940 2990 2037; baseline 0.001 -23"><span class='ocrx_word' id='word_1_24' title='bbox 867 1942 1097 2019; x_wconf 79' lang='lat' dir='ltr'><strong>minus</strong></span> <span class='ocrx_word' id='word_1_25' title='bbox 1150 1940 1403 2018; x_wconf 82' lang='lat' dir='ltr'><strong>Noster</strong></span> <span class='ocrx_word' id='word_1_26' title='bbox 1454 1940 1610 2017; x_wconf 85' lang='lat' dir='ltr'><strong>lesu</strong></span> <span class='ocrx_word' id='word_1_27' title='bbox 1649 1942 1980 2019; x_wconf 80' lang='lat' dir='ltr'><strong>Christus</strong></span> <span class='ocrx_word' id='word_1_28' title='bbox 2037 1966 2324 2037; x_wconf 79' lang='lat' dir='ltr'><strong>magnos</strong></span> <span class='ocrx_word' id='word_1_29' title='bbox 2377 1948 2528 2019; x_wconf 73' lang='lat' dir='ltr'><strong>fore</strong></span> <span class='ocrx_word' id='word_1_30' title='bbox 2581 1946 2868 2019; x_wconf 76' lang='lat' dir='ltr'><strong>vocavit</strong></span> <span class='ocrx_word' id='word_1_31' title='bbox 2913 1946 2990 2017; x_wconf 90' lang='lat' dir='ltr'><strong>in</strong></span> 
     </span>
     <span class='ocr_line' id='line_1_7' title="bbox 864 2058 2989 2156; baseline 0.001 -19"><span class='ocrx_word' id='word_1_32' title='bbox 864 2058 1108 2156; x_wconf 77' lang='lat' dir='ltr'><strong>chno</strong></span> <span class='ocrx_word' id='word_1_33' title='bbox 1160 2061 1536 2139; x_wconf 77' lang='lat' dir='ltr'><strong>Caelorum</strong></span> <span class='ocrx_word' id='word_1_34' title='bbox 1558 2112 1581 2150; x_wconf 88' lang='lat'>‚</span> <span class='ocrx_word' id='word_1_35' title='bbox 1638 2069 1892 2141; x_wconf 85' lang='lat' dir='ltr'><strong>merito</strong></span> <span class='ocrx_word' id='word_1_36' title='bbox 1949 2068 2426 2140; x_wconf 82' lang='lat' dir='ltr'><strong>recensendus</strong></span> <span class='ocrx_word' id='word_1_37' title='bbox 2505 2077 2620 2140; x_wconf 78' lang='lat' dir='ltr'><strong>est</strong></span> <span class='ocrx_word' id='word_1_38' title='bbox 2679 2062 2989 2139; x_wconf 82' lang='lat' dir='ltr'><strong>Sanctus</strong></span> 
     </span>
     <span class='ocr_line' id='line_1_8' title="bbox 866 2178 2994 2281; baseline 0.001 -26"><span class='ocrx_word' id='word_1_39' title='bbox 866 2178 1271 2277; x_wconf 79' lang='lat' dir='ltr'><strong>Alphonsus</strong></span> <span class='ocrx_word' id='word_1_40' title='bbox 1325 2180 1545 2259; x_wconf 74' lang='lat' dir='ltr'><strong>Maria</strong></span> <span class='ocrx_word' id='word_1_41' title='bbox 1600 2184 1687 2257; x_wconf 80' lang='lat' dir='ltr'><strong>de</strong></span> <span class='ocrx_word' id='word_1_42' title='bbox 1741 2182 2049 2279; x_wconf 75' lang='lat' dir='ltr'><strong>Ligario,</strong></span> <span class='ocrx_word' id='word_1_43' title='bbox 2095 2182 2678 2281; x_wconf 77' lang='lat' dir='ltr'><strong>congregationis</strong></span> <span class='ocrx_word' id='word_1_44' title='bbox 2719 2208 2764 2259; x_wconf 84' lang='lat' dir='ltr'><strong>a</strong></span> <span class='ocrx_word' id='word_1_45' title='bbox 2807 2182 2994 2259; x_wconf 77' lang='lat' dir='ltr'><strong>sm·-</strong></span> 
     </span>
     <span class='ocr_line' id='line_1_9' title="bbox 866 2296 2993 2401; baseline 0.002 -26"><span class='ocrx_word' id='word_1_46' title='bbox 866 2296 1175 2379; x_wconf 80' lang='lat' dir='ltr'><strong>ctiss&#39;imo</strong></span> <span class='ocrx_word' id='word_1_47' title='bbox 1232 2302 1700 2401; x_wconf 85' lang='lat' dir='ltr'><strong>Redemptore</strong></span> <span class='ocrx_word' id='word_1_48' title='bbox 1753 2305 2124 2381; x_wconf 82' lang='lat' dir='ltr'><strong>Institutor</strong></span> <span class='ocrx_word' id='word_1_49' title='bbox 2185 2319 2258 2381; x_wconf 88' lang='lat' dir='ltr'><strong>et</strong></span> <span class='ocrx_word' id='word_1_50' title='bbox 2309 2304 2616 2381; x_wconf 77' lang='lat' dir='ltr'><strong>Sanctae</strong></span> <span class='ocrx_word' id='word_1_51' title='bbox 2671 2304 2993 2399; x_wconf 74' lang='lat' dir='ltr'><strong>Agathac</strong></span> 
     </span>
     <span class='ocr_line' id='line_1_10' title="bbox 864 2420 3020 2523; baseline 0.001 -26"><span class='ocrx_word' id='word_1_52' title='bbox 864 2420 1253 2501; x_wconf 79' lang='lat' dir='ltr'><strong>Gothorum</strong></span> <span class='ocrx_word' id='word_1_53' title='bbox 1307 2424 1717 2523; x_wconf 77' lang='lat' dir='ltr'><strong>Episcopus,</strong></span> <span class='ocrx_word' id='word_1_54' title='bbox 1773 2426 1904 2501; x_wconf 85' lang='lat' dir='ltr'><strong>Hic</strong></span> <span class='ocrx_word' id='word_1_55' title='bbox 1977 2431 2318 2503; x_wconf 83' lang='lat' dir='ltr'><strong>virtutum</strong></span> <span class='ocrx_word' id='word_1_56' title='bbox 2379 2428 2694 2501; x_wconf 85' lang='lat' dir='ltr'><strong>omnium</strong></span> <span class='ocrx_word' id='word_1_57' title='bbox 2745 2446 3020 2523; x_wconf 46' lang='lat' dir='ltr'><strong>exem-3·</strong></span> 
     </span>
     <span class='ocr_line' id='line_1_11' title="bbox 867 2546 2990 2644; baseline 0.001 -28"><span class='ocrx_word' id='word_1_58' title='bbox 867 2546 978 2640; x_wconf 85' lang='lat' dir='ltr'><strong>pla</strong></span> <span class='ocrx_word' id='word_1_59' title='bbox 1034 2548 1324 2635; x_wconf 74' lang='lat' dir='ltr'><strong>facienS,</strong></span> <span class='ocrx_word' id='word_1_60' title='bbox 1362 2548 1583 2623; x_wconf 76' lang='lat' dir='ltr'><strong>veluti</strong></span> <span class='ocrx_word' id='word_1_61' title='bbox 1622 2550 1912 2624; x_wconf 85' lang='lat' dir='ltr'><strong>lucerna</strong></span> <span class='ocrx_word' id='word_1_62' title='bbox 1951 2568 2164 2644; x_wconf 77' lang='lat' dir='ltr'><strong>supra</strong></span> <span class='ocrx_word' id='word_1_63' title='bbox 2217 2548 2710 2627; x_wconf 83' lang='lat' dir='ltr'><strong>candelabrum</strong></span> <span class='ocrx_word' id='word_1_64' title='bbox 2765 2548 2990 2641; x_wconf 74' lang='lat' dir='ltr'><strong>posita</strong></span> 
     </span>
     <span class='ocr_line' id='line_1_12' title="bbox 866 2666 2986 2766; baseline 0 -25"><span class='ocrx_word' id='word_1_65' title='bbox 866 2669 1187 2744; x_wconf 82' lang='lat' dir='ltr'><strong>omnibus</strong></span> <span class='ocrx_word' id='word_1_66' title='bbox 1242 2666 1832 2746; x_wconf 81' lang='lat' dir='ltr'><strong>Christffidelibus</strong></span> <span class='ocrx_word' id='word_1_67' title='bbox 1865 2719 1888 2757; x_wconf 86' lang='lat'>,</span> <span class='ocrx_word' id='word_1_68' title='bbox 1945 2671 2062 2766; x_wconf 84' lang='lat' dir='ltr'><strong>qui</strong></span> <span class='ocrx_word' id='word_1_69' title='bbox 2145 2674 2219 2744; x_wconf 87' lang='lat' dir='ltr'><strong>iu</strong></span> <span class='ocrx_word' id='word_1_70' title='bbox 2297 2667 2524 2745; x_wconf 85' lang='lat' dir='ltr'><strong>Domo</strong></span> <span class='ocrx_word' id='word_1_71' title='bbox 2578 2667 2706 2744; x_wconf 77' lang='lat' dir='ltr'><strong>Dei</strong></span> <span class='ocrx_word' id='word_1_72' title='bbox 2759 2680 2931 2744; x_wconf 82' lang='lat' dir='ltr'><strong>sunt</strong></span> <span class='ocrx_word' id='word_1_73' title='bbox 2963 2716 2986 2754; x_wconf 89' lang='lat'>,</span> 
     </span>
     <span class='ocr_line' id='line_1_13' title="bbox 868 2789 2993 2868; baseline 0.002 -9"><span class='ocrx_word' id='word_1_74' title='bbox 868 2789 1045 2862; x_wconf 79' lang='lat' dir='ltr'><strong>adeo</strong></span> <span class='ocrx_word' id='word_1_75' title='bbox 1099 2791 1334 2864; x_wconf 78' lang='lat' dir='ltr'><strong>illuxit</strong></span> <span class='ocrx_word' id='word_1_76' title='bbox 1386 2803 1469 2866; x_wconf 90' lang='lat' dir='ltr'><strong>ut</strong></span> <span class='ocrx_word' id='word_1_77' title='bbox 1525 2789 1666 2864; x_wconf 87' lang='lat' dir='ltr'><strong>iam</strong></span> <span class='ocrx_word' id='word_1_78' title='bbox 1704 2793 1888 2866; x_wconf 85' lang='lat' dir='ltr'><strong>inter</strong></span> <span class='ocrx_word' id='word_1_79' title='bbox 1924 2795 2122 2868; x_wconf 76' lang='lat' dir='ltr'><strong>cives</strong></span> <span class='ocrx_word' id='word_1_80' title='bbox 2155 2789 2570 2865; x_wconf 83' lang='lat' dir='ltr'><strong>Sanctorum</strong></span> <span class='ocrx_word' id='word_1_81' title='bbox 2621 2803 2696 2864; x_wconf 83' lang='lat' dir='ltr'><strong>ct</strong></span> <span class='ocrx_word' id='word_1_82' title='bbox 2747 2789 2993 2864; x_wconf 73' lang='lat' dir='ltr'><strong>donc·-</strong></span> 
     </span>
     <span class='ocr_line' id='line_1_14' title="bbox 866 2907 2992 3004; baseline 0.001 -24"><span class='ocrx_word' id='word_1_83' title='bbox 866 2909 1083 2983; x_wconf 88' lang='lat' dir='ltr'><strong>sticos</strong></span> <span class='ocrx_word' id='word_1_84' title='bbox 1134 2907 1267 2984; x_wconf 86' lang='lat' dir='ltr'><strong>Dei</strong></span> <span class='ocrx_word' id='word_1_85' title='bbox 1322 2913 1535 2986; x_wconf 83' lang='lat' dir='ltr'><strong>fuerit</strong></span> <span class='ocrx_word' id='word_1_86' title='bbox 1590 2915 1879 2988; x_wconf 86' lang='lat' dir='ltr'><strong>relatus.</strong></span> <span class='ocrx_word' id='word_1_87' title='bbox 1934 2907 2145 3001; x_wconf 85' lang='lat' dir='ltr'><strong>Quod</strong></span> <span class='ocrx_word' id='word_1_88' title='bbox 2199 2923 2431 2987; x_wconf 84' lang='lat' dir='ltr'><strong>autem</strong></span> <span class='ocrx_word' id='word_1_89' title='bbox 2511 2925 2754 2986; x_wconf 84' lang='lat' dir='ltr'><strong>sancta</strong></span> <span class='ocrx_word' id='word_1_90' title='bbox 2819 2933 2992 3004; x_wconf 76' lang='lat' dir='ltr'><strong>ope-</strong></span> 
     </span>
     <span class='ocr_line' id='line_1_15' title="bbox 867 3031 2988 3127; baseline 0.001 -29"><span class='ocrx_word' id='word_1_91' title='bbox 867 3032 1139 3104; x_wconf 88' lang='lat' dir='ltr'><strong>ratione</strong></span> <span class='ocrx_word' id='word_1_92' title='bbox 1194 3035 1627 3127; x_wconf 82' lang='lat' dir='ltr'><strong>complevit,</strong></span> <span class='ocrx_word' id='word_1_93' title='bbox 1684 3031 1920 3106; x_wconf 83' lang='lat' dir='ltr'><strong>verbis</strong></span> <span class='ocrx_word' id='word_1_94' title='bbox 1975 3033 2188 3106; x_wconf 88' lang='lat' dir='ltr'><strong>etiam</strong></span> <span class='ocrx_word' id='word_1_95' title='bbox 2244 3043 2318 3104; x_wconf 89' lang='lat' dir='ltr'><strong>et</strong></span> <span class='ocrx_word' id='word_1_96' title='bbox 2379 3031 2656 3124; x_wconf 85' lang='lat' dir='ltr'><strong>scriptis</strong></span> <span class='ocrx_word' id='word_1_97' title='bbox 2722 3031 2988 3104; x_wconf 85' lang='lat' dir='ltr'><strong>docuit.</strong></span> 
     </span>
     <span class='ocr_line' id='line_1_16' title="bbox 865 3145 2991 3249; baseline 0.001 -28"><span class='ocrx_word' id='word_1_98' title='bbox 865 3145 1223 3244; x_wconf 83' lang='lat' dir='ltr'><strong>Siquidem</strong></span> <span class='ocrx_word' id='word_1_99' title='bbox 1262 3155 1415 3249; x_wconf 86' lang='lat' dir='ltr'><strong>ipse</strong></span> <span class='ocrx_word' id='word_1_100' title='bbox 1450 3173 1770 3228; x_wconf 83' lang='lat' dir='ltr'><strong>errorum</strong></span> <span class='ocrx_word' id='word_1_101' title='bbox 1809 3153 2130 3226; x_wconf 74' lang='lat' dir='ltr'><strong>tenebras</strong></span> <span class='ocrx_word' id='word_1_102' title='bbox 2169 3153 2256 3226; x_wconf 81' lang='lat' dir='ltr'><strong>ab</strong></span> <span class='ocrx_word' id='word_1_103' title='bbox 2294 3148 2682 3226; x_wconf 88' lang='lat' dir='ltr'><strong>Incredulis</strong></span> <span class='ocrx_word' id='word_1_104' title='bbox 2719 3166 2792 3224; x_wconf 89' lang='lat' dir='ltr'><strong>et</strong></span> <span class='ocrx_word' id='word_1_105' title='bbox 2827 3149 2991 3224; x_wconf 82' lang='lat' dir='ltr'><strong>lan-</strong></span> 
     </span>
     <span class='ocr_line' id='line_1_17' title="bbox 867 3269 2994 3367; baseline 0 -22"><span class='ocrx_word' id='word_1_106' title='bbox 867 3273 1179 3347; x_wconf 86' lang='lat' dir='ltr'><strong>senianis</strong></span> <span class='ocrx_word' id='word_1_107' title='bbox 1200 3277 1341 3348; x_wconf 91' lang='lat' dir='ltr'><strong>late</strong></span> <span class='ocrx_word' id='word_1_108' title='bbox 1372 3276 1660 3349; x_wconf 77' lang='lat' dir='ltr'><strong>diffusas</strong></span> <span class='ocrx_word' id='word_1_109' title='bbox 1691 3275 1922 3348; x_wconf 89' lang='lat' dir='ltr'><strong>doctis</strong></span> <span class='ocrx_word' id='word_1_110' title='bbox 1953 3273 2284 3366; x_wconf 83' lang='lat' dir='ltr'><strong>operibus</strong></span> <span class='ocrx_word' id='word_1_111' title='bbox 2309 3272 2744 3367; x_wconf 79' lang='lat' dir='ltr'><strong>maximeque</strong></span> <span class='ocrx_word' id='word_1_112' title='bbox 2763 3269 2994 3346; x_wconf 90' lang='lat' dir='ltr'><strong>Theo-</strong></span> 
     </span>
     <span class='ocr_line' id='line_1_18' title="bbox 866 3389 2992 3487; baseline 0 -23"><span class='ocrx_word' id='word_1_113' title='bbox 866 3393 1095 3484; x_wconf 80' lang='lat' dir='ltr'><strong>logiae</strong></span> <span class='ocrx_word' id='word_1_114' title='bbox 1148 3389 1435 3468; x_wconf 86' lang='lat' dir='ltr'><strong>Moralis</strong></span> <span class='ocrx_word' id='word_1_115' title='bbox 1504 3391 2042 3468; x_wconf 74' lang='lat' dir='ltr'><strong>tractationibus</strong></span> <span class='ocrx_word' id='word_1_116' title='bbox 2109 3395 2402 3486; x_wconf 80' lang='lat' dir='ltr'><strong>dispulit</strong></span> <span class='ocrx_word' id='word_1_117' title='bbox 2473 3403 2682 3487; x_wconf 85' lang='lat' dir='ltr'><strong>atque</strong></span> <span class='ocrx_word' id='word_1_118' title='bbox 2756 3394 2992 3466; x_wconf 89' lang='lat' dir='ltr'><strong>dimo-</strong></span> 
     </span>
     <span class='ocr_line' id='line_1_19' title="bbox 866 3508 2994 3626; baseline 0 -43"><span class='ocrx_word' id='word_1_119' title='bbox 866 3514 998 3584; x_wconf 82' lang='lat' dir='ltr'><strong>vit.</strong></span> <span class='ocrx_word' id='word_1_120' title='bbox 1057 3508 1372 3588; x_wconf 81' lang='lat' dir='ltr'><strong>Obscura</strong></span> <span class='ocrx_word' id='word_1_121' title='bbox 1427 3515 1722 3608; x_wconf 82' lang='lat' dir='ltr'><strong>insuper</strong></span> <span class='ocrx_word' id='word_1_122' title='bbox 1775 3512 2221 3626; x_wconf 67' lang='lat' dir='ltr'><strong>dilucidavit,</strong></span> <span class='ocrx_word' id='word_1_123' title='bbox 2271 3511 2622 3606; x_wconf 89' lang='lat' dir='ltr'><strong>dubiaque</strong></span> <span class='ocrx_word' id='word_1_124' title='bbox 2678 3511 2994 3586; x_wconf 88' lang='lat' dir='ltr'><strong>declara-</strong></span> 
     </span>
     <span class='ocr_line' id='line_1_20' title="bbox 866 3628 2989 3728; baseline 0 -22"><span class='ocrx_word' id='word_1_125' title='bbox 866 3634 999 3718; x_wconf 86' lang='lat' dir='ltr'><strong>vit,</strong></span> <span class='ocrx_word' id='word_1_126' title='bbox 1056 3655 1217 3706; x_wconf 86' lang='lat' dir='ltr'><strong>cum</strong></span> <span class='ocrx_word' id='word_1_127' title='bbox 1274 3636 1461 3727; x_wconf 80' lang='lat' dir='ltr'><strong>inter</strong></span> <span class='ocrx_word' id='word_1_128' title='bbox 1515 3634 1861 3728; x_wconf 83' lang='lat' dir='ltr'><strong>implexas</strong></span> <span class='ocrx_word' id='word_1_129' title='bbox 1919 3628 2428 3726; x_wconf 77' lang='lat' dir='ltr'><strong>Theologorum</strong></span> <span class='ocrx_word' id='word_1_130' title='bbox 2489 3635 2640 3706; x_wconf 82' lang='lat' dir='ltr'><strong>sive</strong></span> <span class='ocrx_word' id='word_1_131' title='bbox 2693 3634 2989 3707; x_wconf 83' lang='lat' dir='ltr'><strong>laxiores</strong></span> 
     </span>
     <span class='ocr_line' id='line_1_21' title="bbox 866 3753 2990 3847; baseline -0 -22"><span class='ocrx_word' id='word_1_132' title='bbox 866 3753 1017 3826; x_wconf 84' lang='lat' dir='ltr'><strong>sive</strong></span> <span class='ocrx_word' id='word_1_133' title='bbox 1074 3753 1429 3847; x_wconf 77' lang='lat' dir='ltr'><strong>rigidiores</strong></span> <span class='ocrx_word' id='word_1_134' title='bbox 1482 3757 1872 3829; x_wconf 87' lang='lat' dir='ltr'><strong>sententias</strong></span> <span class='ocrx_word' id='word_1_135' title='bbox 1933 3767 2154 3829; x_wconf 89' lang='lat' dir='ltr'><strong>tutam</strong></span> <span class='ocrx_word' id='word_1_136' title='bbox 2209 3755 2538 3827; x_wconf 85' lang='lat' dir='ltr'><strong>straverit</strong></span> <span class='ocrx_word' id='word_1_137' title='bbox 2595 3753 2809 3838; x_wconf 86' lang='lat' dir='ltr'><strong>viam,</strong></span> <span class='ocrx_word' id='word_1_138' title='bbox 2861 3775 2990 3846; x_wconf 89' lang='lat' dir='ltr'><strong>per</strong></span> 
     </span>
     <span class='ocr_line' id='line_1_22' title="bbox 862 3870 2990 3970; baseline 0 -24"><span class='ocrx_word' id='word_1_139' title='bbox 862 3895 1075 3970; x_wconf 85' lang='lat' dir='ltr'><strong>quam</strong></span> <span class='ocrx_word' id='word_1_140' title='bbox 1111 3870 1676 3948; x_wconf 85' lang='lat' dir='ltr'><strong>Christifidelium</strong></span> <span class='ocrx_word' id='word_1_141' title='bbox 1733 3878 2118 3949; x_wconf 86' lang='lat' dir='ltr'><strong>animarum</strong></span> <span class='ocrx_word' id='word_1_142' title='bbox 2152 3873 2626 3948; x_wconf 84' lang='lat' dir='ltr'><strong>moderatores</strong></span> <span class='ocrx_word' id='word_1_143' title='bbox 2683 3872 2990 3947; x_wconf 80' lang='lat' dir='ltr'><strong>inoffen-</strong></span> 
     </span>
     <span class='ocr_line' id='line_1_23' title="bbox 866 3990 2992 4090; baseline -0.001 -22"><span class='ocrx_word' id='word_1_144' title='bbox 866 4019 945 4070; x_wconf 85' lang='lat' dir='ltr'><strong>so</strong></span> <span class='ocrx_word' id='word_1_145' title='bbox 982 3996 1159 4090; x_wconf 83' lang='lat' dir='ltr'><strong>pede</strong></span> <span class='ocrx_word' id='word_1_146' title='bbox 1197 3995 1523 4068; x_wconf 85' lang='lat' dir='ltr'><strong>incedere</strong></span> <span class='ocrx_word' id='word_1_147' title='bbox 1560 4009 1874 4089; x_wconf 80' lang='lat' dir='ltr'><strong>possent.</strong></span> <span class='ocrx_word' id='word_1_148' title='bbox 1919 3993 2280 4090; x_wconf 88' lang='lat' dir='ltr'><strong>Simulque</strong></span> <span class='ocrx_word' id='word_1_149' title='bbox 2307 3990 2794 4068; x_wconf 86' lang='lat' dir='ltr'><strong>Immaculatae</strong></span> <span class='ocrx_word' id='word_1_150' title='bbox 2822 3991 2992 4067; x_wconf 88' lang='lat' dir='ltr'><strong>Dei-</strong></span> 
     </span>
     <span class='ocr_line' id='line_1_24' title="bbox 864 4110 2988 4212; baseline 0 -24"><span class='ocrx_word' id='word_1_151' title='bbox 864 4138 1079 4212; x_wconf 86' lang='lat' dir='ltr'><strong>parae</strong></span> <span class='ocrx_word' id='word_1_152' title='bbox 1131 4111 1641 4208; x_wconf 81' lang='lat' dir='ltr'><strong>conceptionis</strong></span> <span class='ocrx_word' id='word_1_153' title='bbox 1695 4129 1768 4190; x_wconf 86' lang='lat' dir='ltr'><strong>et</strong></span> <span class='ocrx_word' id='word_1_154' title='bbox 1823 4113 2098 4190; x_wconf 88' lang='lat' dir='ltr'><strong>Summi</strong></span> <span class='ocrx_word' id='word_1_155' title='bbox 2153 4110 2520 4187; x_wconf 87' lang='lat' dir='ltr'><strong>Pontificis</strong></span> <span class='ocrx_word' id='word_1_156' title='bbox 2583 4137 2666 4188; x_wconf 87' lang='lat' dir='ltr'><strong>ex</strong></span> <span class='ocrx_word' id='word_1_157' title='bbox 2719 4111 2988 4189; x_wconf 85' lang='lat' dir='ltr'><strong>Cathe-</strong></span> 
     </span>
     <span class='ocr_line' id='line_1_25' title="bbox 862 4235 2990 4310; baseline 0 -2"><span class='ocrx_word' id='word_1_158' title='bbox 862 4237 989 4308; x_wconf 85' lang='lat' dir='ltr'><strong>dra</strong></span> <span class='ocrx_word' id='word_1_159' title='bbox 1045 4235 1357 4309; x_wconf 87' lang='lat' dir='ltr'><strong>docentis</strong></span> <span class='ocrx_word' id='word_1_160' title='bbox 1442 4237 1956 4309; x_wconf 76' lang='lat' dir='ltr'><strong>infallibilitatis</strong></span> <span class='ocrx_word' id='word_1_161' title='bbox 2039 4235 2389 4310; x_wconf 85' lang='lat' dir='ltr'><strong>doctrinas</strong></span> <span class='ocrx_word' id='word_1_162' title='bbox 2441 4248 2766 4309; x_wconf 88' lang='lat' dir='ltr'><strong>accurate</strong></span> <span class='ocrx_word' id='word_1_163' title='bbox 2822 4237 2990 4309; x_wconf 86' lang='lat' dir='ltr'><strong>inu-</strong></span> 
     </span>
     <span class='ocr_line' id='line_1_26' title="bbox 866 4356 2988 4452; baseline 0 -22"><span class='ocrx_word' id='word_1_164' title='bbox 866 4357 1121 4430; x_wconf 77' lang='lat' dir='ltr'><strong>sti-avit</strong></span> <span class='ocrx_word' id='word_1_165' title='bbox 1174 4379 1257 4430; x_wconf 87' lang='lat' dir='ltr'><strong>ac</strong></span> <span class='ocrx_word' id='word_1_166' title='bbox 1310 4368 1590 4431; x_wconf 88' lang='lat' dir='ltr'><strong>strenue</strong></span> <span class='ocrx_word' id='word_1_167' title='bbox 1677 4356 2025 4445; x_wconf 86' lang='lat' dir='ltr'><strong>asseruit,</strong></span> <span class='ocrx_word' id='word_1_168' title='bbox 2081 4379 2258 4452; x_wconf 81' lang='lat' dir='ltr'><strong>quae</strong></span> <span class='ocrx_word' id='word_1_169' title='bbox 2317 4367 2560 4451; x_wconf 85' lang='lat' dir='ltr'><strong>postea</strong></span> <span class='ocrx_word' id='word_1_170' title='bbox 2615 4377 2798 4432; x_wconf 86' lang='lat' dir='ltr'><strong>aevo</strong></span> <span class='ocrx_word' id='word_1_171' title='bbox 2852 4358 2988 4430; x_wconf 88' lang='lat' dir='ltr'><strong>hoc</strong></span> 
     </span>
    </p>
   </div>
  </div>
 </body>
</html>
