3292 5275
834 489 937 571 60

840 655 875 701 ιν
921 633 1141 704 donec
1195 653 1479 706 mensae
1515 635 1874 727 suppressi
1913 631 2577 730 Archiepiseopatus
2605 635 2954 712 Nazareni

838 774 873 818 ι»
920 773 1141 845 aequa
1195 752 1672 846 compensatio
1737 753 1861 826 fiat
1927 756 2322 830 amissionis
2367 759 2826 844 locationum,
2881 771 2960 833 et

838 893 873 939 n
922 871 1465 944 manutentionis
1520 867 1779 943 Palatii
1835 869 2056 970 (alias
2099 877 2428 950 eiusdem
2459 873 2960 972 Archiepisco·

839 1015 874 1061 n
923 987 1168 1085 patus)
1223 990 1430 1076 modo
1492 987 1854 1072 Barolensi
1919 991 2474 1090 Arcbiepiscopo
2552 999 2898 1073 attributo
2931 1047 2958 1085 ,

840 1133 875 1179 n
921 1112 1215 1203 eiusque
1246 1105 1522 1182 Vicario
1561 1122 1631 1182 et
1656 1106 2180 1202 Cancellariae3
2217 1137 2352 1190 nec
2381 1136 2527 1190 non
2564 1139 2690 1210 pro
2725 1119 2960 1192 suble-

840 1211 1146 1304 n'venda
1196 1223 1582 1320 Capitulari
1637 1252 1870 1306 massa
1928 1228 2000 1304 S.
2035 1230 2298 1307 Mariae
2337 1229 2627 1309 Maioris
2683 1238 2768 1310 ab
2825 1259 2956 1310 ex-

842 1372 876 1416 »
923 1352 1187 1443 pensi3‚
1228 1370 1405 1444 quas
1460 1344 1766 1435 vicario,
1808 1364 1880 1425 et
1909 1349 2388 1428 Cancellariae
2427 1357 2674 1428 eadem
2715 1359 2788 1429 iu
2825 1357 2962 1428 du-

840 1493 876 1539 »
922 1471 1099 1542 catis
1142 1469 1581 1560 trigintasex,
1614 1471 1720 1544 uti
1770 1472 2102 1560 diximuS,
2135 1476 2515 1566 rependere
2556 1476 2787 1549 debet.
2834 1499 2868 1545 >i
2915 1515 2959 1532 -

1042 1585 1333 1672 Vei-um,
1387 1593 1694 1664 nondum
1747 1591 1866 1666 vix
1925 1597 2302 1668 constituto
2331 1589 2660 1688 Capitulo
2691 1593 2954 1670 Cathe-

834 1711 1043 1803 drali‚
1074 1723 1358 1804 propter
1400 1699 1718 1804 politicas
1775 1725 2167 1807 temporum
2209 1716 2784 1808 perturbationes
2821 1713 2963 1790 Ba-

836 1831 1090 1904 rolensi
1148 1826 1505 1904 Ecclesiae
1561 1831 1788 1918 bonis,
1827 1844 1896 1906 et
1951 1834 2434 1906 dotationibus
2489 1857 2529 1906 a
2605 1857 2792 1909 novo
2831 1859 2964 1930 gu-

834 1952 1075 2025 bernio
1133 1951 1410 2023 sibimet
1463 1972 1547 2022 ex
1602 1955 1970 2044 inopinato
2027 1953 2421 2037 attributis,
2464 1967 2770 2047 quatuor
2827 1979 2964 2029 va-

836 2074 1144 2144 cantium
1173 2069 1736 2145 Canonicatuum
1793 2074 2210 2164 praebendis
2265 2069 2618 2170 (quarum
2673 2077 2962 2150 collatio

805 2193 1156 2266 ‘consulto
1212 2213 1544 2284 suspensa
1582 2187 1874 2289 fuerat)
1915 2215 2276 2286 nunquam
2313 2194 2490 2266 alias
2527 2193 2798 2278 solutis,
2831 2193 2966 2266 im-

838 2332 964 2404 par
1026 2311 1213 2384 illico
1276 2307 1683 2403 Capitulum
1737 2307 2113 2384 Barolense
2183 2315 2413 2386 evasit
2483 2314 2566 2384 ad
2641 2313 2966 2400 debitaS,

836 2441 1276 2523 statutasque
1332 2433 1654 2523 superius
1709 2453 2082 2524 expressas
2139 2433 2533 2504 solutiones
2571 2433 2970 2524 rependen-

838 2549 987 2636 das,
1026 2571 1151 2624 nec
1208 2571 1341 2625 non
1400 2551 1486 2624 ad
1546 2551 1950 2645 impositum
2003 2554 2476 2645 multiplicum
2518 2573 2643 2647 per
2669 2549 2970 2627 Archie·

840 2673 1209 2765 piscopum
1266 2674 1758 2763 peragendum.

1048 2788 1171 2865 His
1224 2792 1459 2886 itaque
1514 2794 1591 2866 in
1646 2793 1992 2885 angustiis
2049 2797 2358 2885 positum
2411 2790 2794 2867 Barolense
2821 2790 2965 2867 Ca-

838 2912 1142 3004 pitulum
1198 2914 1584 2991 humillime
1639 2935 1679 2986 a
1735 2909 2322 2988 sanctitates-aa
2385 2916 2828 3004 efflagitavit,
2885 2927 2970 2989 ut

836 3032 1181 3115 eiusmodi
1236 3034 1768 3124 praeteritarum
1811 3036 2262 3107 solutionum
2301 3055 2528 3124 usque
2561 3034 2784 3105 adhue
2819 3054 2968 3106 non

837 3164 1297 3246 peractarum.
1336 3152 1872 3237 absolutionem,
1911 3166 1988 3227 et
2027 3153 2628 3247 dispensationem
2661 3153 2970 3243 benigne

836 3272 1115 3364 elargiri
1170 3274 1578 3364 dignaretur
1604 3294 1631 3362 3
1681 3286 1756 3348 et
1812 3276 1889 3347 in
1943 3288 2300 3368 posterum
2337 3274 2624 3353 easdem
2661 3291 2972 3365 suspen·

837 3394 1003 3466 dere
1059 3394 1295 3467 vellet·
1328 3395 1552 3469 donec
1606 3407 1928 3487 quatuor.
1962 3394 2370 3467 vacantium
2399 3388 2968 3466 Canonicatuum

842 3513 1291 3605 praebendi8‚
1324 3524 1397 3586 et
1432 3510 1741 3607 Capituli
1783 3516 2056 3591 avulsis
2091 3516 2298 3588 bonis
2347 3514 2586 3586 debita
2639 3534 2972 3607 compen-

840 3635 1023 3709 satio
1078 3656 1171 3707 ex
1233 3656 1581 3709 novarum
1655 3638 1890 3728 legum
1963 3636 2343 3728 sponsione
2407 3648 2480 3707 et
2535 3634 2966 3727 obligatione

840 3776 967 3847 per
1002 3750 1872 3841 Gubernium‚statuatur‚
1933 3766 2144 3851 atque
2201 3757 2550 3829 solvatur.

1048 3873 1158 3947 Ad
1216 3876 1734 3968 praecavendas
1773 3878 2060 3968 insuper
2094 3873 2722 3969 aequivocationes
2757 3896 2972 3968 quas-

838 4016 1130 4089 cumque
1198 3998 1273 4068 in
1334 3994 1666 4068 exercitio
1741 3998 2270 4088 privilegiorum
2322 3990 2967 4087 Archipreabytero

840 4118 1107 4211 primae
1161 4113 1467 4208 Capituli
1502 4114 1581 4189 S.
1626 4111 2212 4193 MariacMaion-is
2251 4114 2601 4208 dignitati,
2641 4134 2774 4186 nec
2821 4134 2970 4187 non

838 4234 1354 4319 Archidiacono
1408 4236 1670 4329 primae
1701 4232 2082 4312 Tranensis
2119 4232 2423 4328 Capituli
2460 4232 2785 4326 dignitati
2839 4254 2973 4325 pro

840 4380 979 4435 usu
1040 4378 1409 4433 sacrorum
1462 4355 1964 4451 pontificalium
2016 4355 2284 4459 eisdem
2335 4354 2412 4427 iu
2463 4374 2670 4448 supra
2725 4352 2970 4427 relatis
