3292 5275
2346 496 2461 579 29

337 644 479 715 siae
541 643 882 714 unitatem
943 660 1388 733 propugnare
1423 640 1862 713 contendunt
1901 640 2237 713 adversus
2274 640 2457 712 mul-

334 764 606 856 tiplices
692 760 982 834 insidias
1039 772 1111 831 et
1165 771 1450 831 conatus
1479 809 1506 845 ,
1569 761 1825 853 quibus
1884 758 2079 851 impii
2134 758 2451 831 homines

332 904 496 958 suos
548 902 830 959 errores
859 900 1248 973 propagare
1279 879 1767 955 connituntur.
1807 876 1906 955 Ac
1944 877 2261 955 futurum
2288 900 2451 952 con-

329 1002 608 1083 fidimus
669 1003 853 1084 fore2
879 1012 960 1072 ut
997 1001 1374 1076 universus
1409 998 1795 1073 catholicus
1848 994 2095 1075 clerus
2148 998 2449 1073 illustria

327 1116 838 1215 Episcoporum
893 1140 1179 1197 suorum
1231 1118 1554 1211 exempla
1613 1139 1741 1209 pro
1797 1117 2069 1189 viribus
2128 1114 2445 1199 imitari,

326 1250 395 1313 et
450 1240 788 1314 aemulari
843 1250 1161 1313 conetur.

537 1360 820 1435 Interim
873 1362 1042 1433 istos
1101 1382 1346 1434 omnes
1400 1355 1727 1445 Christi,
1784 1358 2074 1453 eiusque
2141 1355 2445 1433 Sanctae

323 1478 684 1555 Ecclesiae
713 1484 946 1555 hostes
977 1482 1190 1554 etiam
1249 1493 1460 1582 atquc
1489 1484 1693 1553 etiam
1753 1502 2147 1563 monemus,
2176 1491 2255 1551 ut
2294 1492 2447 1553 tan-

324 1603 480 1674 dem
537 1602 908 1697 aliquando
964 1603 1146 1675 serio
1201 1603 1645 1674 considerent
1698 1622 1906 1694 quam
1963 1599 2294 1671 terribilis
2351 1602 2443 1672 sit

323 1716 513 1794 Deus
568 1721 639 1794 in
697 1723 869 1807 suis,
927 1723 1212 1815 eiusque
1253 1717 1610 1793 Ecclesiae
1664 1719 1980 1793 hostibus
2035 1719 2429 1811 puniendis.

532 1838 672 1915 Nos
730 1854 962 1915 autem
992 1864 1134 1914 non
1173 1840 1612 1927 desistamus,
1645 1823 2093 1914 Venerabiles
2134 1836 2439 1925 Fratres,

321 1964 892 2047 ferventissimiS‚
949 1964 1503 2056 humillimisquc
1559 1964 1883 2056 precibus
1934 1960 2444 2033 misericordia-

319 2105 470 2155 rum
531 2079 819 2157 Patrem
874 2106 1069 2157 orare
1125 2096 1196 2156 ct
1250 2084 1667 2174 obsecrare,
1721 2096 1803 2156 ut
1855 2104 2097 2156 omnes
2150 2074 2437 2156 miseros

317 2216 636 2277 errantes
689 2206 778 2277 de
834 2204 1243 2298 perditionis
1302 2207 1421 2277 via
1479 2207 1567 2277 ad
1625 2218 1891 2279 rectum
1947 2202 2290 2288 veritatis,
2328 2202 2439 2276 iu-

319 2327 584 2410 stitiae,
642 2327 1030 2421 salutisque
1085 2326 1436 2399 tramitem
1493 2328 1811 2413 reducat,
1867 2336 2080 2419 utque
2134 2324 2436 2395 catholi-

316 2467 465 2517 cam
525 2442 904 2520 Ecclesiam
962 2446 1214 2543 ubique
1258 2459 1604 2520 terrarum
1662 2446 1858 2520 novis
1897 2470 1977 2519 ac
2017 2442 2437 2539 splendidio-

317 2565 506 2640 ribus
587 2567 958 2661 triumphis
1011 2565 1313 2661 quotidie
1381 2566 1597 2660 magi‘s
1674 2579 1971 2642 exornet
2026 2578 2099 2640 et
2136 2578 2427 2658 augeat.
