3292 5275
2282 455 2445 540 283

327 599 402 670 in
431 595 929 671 Ecclesiastica
965 592 1321 688 Dignitate
1359 599 1785 672 constitutae
1840 599 2157 680 munitis,
2196 597 2439 668 eadem

325 740 612 811 prorsus
679 717 854 790 fides
919 719 1382 802 adhibeatur,
1447 739 1644 822 quae·
1696 719 1869 812 ipsis
1950 717 2439 811 praesentibus

327 839 779 912 adhiberetur
836 836 898 908 si
952 840 1178 910 forent
1235 838 1588 910 exhibitae
1644 841 1759 912 vel
1819 851 2165 912 ostensae.

534 953 724 1032 Nulli
781 979 948 1050 ergo
1003 960 1292 1033 omnino
1349 956 1707 1032 hominum
1762 960 1973 1032 liceat
2008 959 2192 1032 hanc
2248 957 2447 1051 pagi-

325 1099 484 1150 nam
541 1073 836 1154 Nostrae
893 1078 1446 1174 approbationis,
1503 1079 2017 1166 ratificationis,
2070 1077 2449 1152 confirma-

329 1199 572 1284 tioniS‚
627 1201 918 1288 decreti,
996 1200 1329 1286 mandati,
1390 1201 1838 1296 receptionis),
1899 1199 2440 1286 reservationiS,

327 1323 822 1409 concessionis»,
881 1321 1373 1407 relaxationis,
1431 1319 1942 1396 commissionis
1998 1332 2072 1394 et
2125 1321 2443 1394 volunta-

329 1443 420 1514 tis
458 1442 824 1536 infringere
864 1444 976 1514 vel
1017 1445 1082 1514 ei
1123 1465 1300 1518 ausu
1346 1443 1718 1516 temerario
1754 1445 2129 1516 contraire.
2170 1437 2248 1512 Si
2282 1442 2441 1536 quis

327 1575 562 1636 autem
615 1563 744 1638 boc
801 1575 1146 1638 attentare
1229 1567 1837 1658 praesumpserit,
1896 1562 2443 1656 indignationem

325 1679 842 1779 omnipotentis
897 1680 1055 1769 Dei,
1095 1707 1182 1758 ac
1216 1681 1597 1758 Beatorum
1650 1680 1843 1768 Petri
1898 1695 1971 1758 et
2004 1680 2209 1758 Pauli
2258 1679 2448 1777 Apo-

327 1809 666 1882 stolorum
721 1806 870 1880 eius
924 1829 998 1880 se
1053 1807 1336 1880 noverit
1391 1805 1859 1880 incursurum.

538 1923 798 2002 Datum
853 1923 1120 2002 Romae
1179 1925 1363 2020 apud
1411 1921 1484 1998 S.
1526 1921 1805 1999 Petrum
1846 1923 2055 1998 Anno
2108 1921 2447 2000 lucarna-

257 2087 264 2092 ·
326 2046 536 2120 tionis
589 2043 995 2121 Dominicae
1051 2044 1422 2121 Millesimo
1477 2043 2079 2138 octingentesimo
2136 2042 2445 2141 Septua-

325 2167 585 2260 gesimo
639 2170 848 2244 tertio
880 2209 988 2223 —
1017 2161 1146 2240 Vll
1201 2165 1367 2243 Idus
1420 2163 1857 2242 Decembris.
1892 2206 2001 2223 -

487 2286 948 2365 Pontificatus
1003 2284 1236 2364 Nostri
1293 2285 1498 2363 Anno
1553 2283 1906 2364 Vicesimo
1960 2299 2230 2364 octavo.

327 2521 408 2588 A.
423 2521 622 2590 Cano.
635 2519 1164 2592 VANNICELLI
1189 2523 1610 2592 Plio-Dana.
1678 2523 1755 2588 F.
1769 2513 1969 2592 Cup.
1987 2520 2443 2606 ASQUINIUS

1051 2736 1255 2805 VISA
1298 2738 1416 2806 DE
1460 2739 1725 2809 CURIA

846 2844 909 2913 J.
953 2844 1053 2916 Du
1096 2848 1345 2926 Aoum
1387 2866 1424 2916 n
1467 2846 1971 2920 vicecom-rums

489 3058 740 3146 Lueoffi
755 3058 1010 3129 thbi

1926 3154 1971 3245 .¹·
2008 3121 2324 3214 cuonone:

646 3350 802 3438 Ray.
844 3352 918 3421 in
960 3350 1320 3423 secretaria
1362 3352 1689 3421 Brevium'.
