3292 5275
850 502 959 591 38
1195 634 1755 737 LITTERAE
1824 632 2607 740 APOSTOLICAE

1005 955 1224 1016 vavs
1287 954 1611 1007 noquuA
1676 952 2224 1006 Pnfflscnmvmvn
2288 957 2404 1008 Pno
2457 959 2793 1011 ΨΙΊΗΤΔΊῈ

1135 1088 1597 1143 unnonnusls
1634 1087 2093 1145 cuumssonvu
2130 1090 2665 1145 Pultlncnrvs·

1428 1867 1688 1965 PlVS
1758 1864 2363 1964 EPISCOPVS

1293 2120 1669 2191 SERVVS
1730 2120 2267 2190 SERVORVM
2330 2120 2502 2190 DEI

1381 2370 1462 2423 An
1499 2368 1875 2423 Pnrnvu
1922 2369 2024 2422 RB!
2071 2368 2419 2423 nnuman.

849 2843 1092 3011 Cum
1152 2933 1646 3012 Ecclesiastica
1702 2937 2069 3034 disciplina
2124 2959 2334 3012 verae
2388 2937 2551 3011 fidei
2608 2939 2953 3033 sepimen-

849 3068 1001 3130 tum
1053 3059 1148 3131 sit
1221 3081 1304 3133 ac
1377 3059 1596 3134 tutela
1669 3057 2090 3144 firmissima,
2162 3061 2423 3155 quippe
2492 3081 2677 3154 quae
2752 3081 2951 3135 sacro

847 3177 1223 3253 cohaereat
1273 3177 1584 3272 dogmati
1639 3171 1775 3280 (1),
1830 3188 1904 3253 et
1958 3177 2047 3251 ad
2098 3179 2247 3252 eius
2302 3180 2625 3273 puritatis
2662 3201 2948 3253 conser-

849 3298 1208 3373 vationem
1257 3298 1556 3372 maxime
1617 3297 1993 3385 conducat,
2049 3297 2451 3373 iamdudum
2514 3294 2731 3372 Nobis
2798 3313 2953 3375 erat

845 3419 921 3492 in
975 3419 1207 3494 animo
1259 3421 1444 3493 hanc
1496 3417 1935 3514 potissimum
1974 3419 2049 3491 in
2084 3414 2425 3492 Ecclesiis
2480 3413 2953 3493 Orientalibus

845 3541 1240 3614 accuratius
1294 3539 1653 3623 ordinare,
1686 3540 1805 3612 uhi
1844 3541 2112 3613 incerta
2168 3559 2253 3612 ac
2288 3540 2519 3611 minus
2556 3550 2721 3634 apte
2764 3554 2953 3614 essct

843 3662 1260 3746 constituta,
1315 3659 1436 3736 ubi
1490 3681 1665 3735 vero
1715 3659 2028 3754 collapsa
2082 3671 2156 3734 et
2192 3661 2490 3734 fortasse
2526 3661 2738 3734 etiam
2776 3671 2956 3734 tem-

845 3801 1092 3874 porum
1146 3781 1530 3874 asperitate
1586 3779 1978 3868 obliterata,
2016 3781 2435 3867 instaurare,
2472 3781 2685 3854 salvis
2720 3791 2953 3855 tamen

847 3921 1086 3975 earum
1159 3900 1415 3976 ritibus
1471 3921 1514 3973 a
1567 3897 1694 3974 SS.
1748 3897 2087 3976 Patribus
2158 3901 2503 3974 institutis
2556 3910 2630 3973 et
2682 3901 2770 3974 ab
2822 3903 2954 3975 hac

849 4017 1252 4115 Apostolica
1307 4016 1489 4096 Sede
1547 4023 1893 4118 probatis,
1954 4017 2305 4117 Siquidem
2360 4021 2577 4115 probe
2630 4023 2955 4095 novimus

849 4141 1164 4216 eamdem
1203 4141 1674 4237 disciplinam,
1730 4142 1851 4218 ubi
1905 4143 2121 4217 semel
2174 4141 2555 4238 depravata
2618 4142 2831 4218 fuerit
2882 4154 2955 4216 et

993 4401 1076 4486 (1)
1097 4401 1252 4473 Pius
1272 4400 1366 4470 Vl
1390 4403 1616 4487 Apost.
1644 4401 1797 4472 Litt.
1830 4403 2013 4484 Quod
2040 4404 2449 4490 Aliqtaantum
2466 4399 2547 4472 1⁰
2565 4401 2949 4473 Mart-1791.
