3292 5275
2278 512 2371 595 31

277 664 482 747 atque
540 655 638 725 ita
691 654 890 727 varia
942 650 1340 728 Missiouum
1396 654 1622 730 veluti
1678 662 1924 726 centra
1985 652 2379 747 prodirent,

275 776 518 847 statim
569 762 656 847 ea
711 774 800 845 de
855 794 931 845 re
984 776 1254 865 egimus
1307 795 1466 848 cum
1501 767 1651 845 VV.
1692 768 1835 845 FF.
1876 766 2027 847 NN.
2072 768 2376 846 S.R.E.

271 888 756 969 cardinalibus
823 894 1118 989 negotiis
1197 890 1698 989 Propagandae
1763 888 1962 967 Fidei
2016 894 2387 988 praeposi-

275 1016 396 1101 tis»,
451 1015 676 1109 deque
729 1036 972 1089 eorum
1047 1016 1342 1089 consilio
1396 1036 1524 1108 per
1575 1008 2013 1107 Apostolicas
2075 1008 2385 1085 Litteras

275 1134 386 1208 die
441 1130 570 1206 vll
624 1130 882 1208 Mensis
959 1130 1256 1228 Augusti
1330 1135 1644 1208 eiusdem
1701 1135 1861 1207 anni
1934 1133 2161 1221 dataS,
2214 1132 2387 1205 baec

273 1254 744 1336 decrevimus,
798 1276 976 1350 quae
1033 1258 1219 1328 infra
1275 1257 1536 1349 scripta
1590 1264 1774 1328 sunt.
1834 1249 2156 1329 Primum
2207 1252 2390 1325 indi-

273 1374 468 1449 visas
523 1371 916 1465 Missiones,
971 1370 1269 1451 Sveciae
1345 1375 1788 1469 potissimum
1841 1386 1915 1447 et
1968 1370 2385 1467 Norvegiae,

275 1515 434 1569 esse
485 1495 932 1584 dividendas,
987 1495 1383 1591 duplexque
1437 1496 1513 1569 in
1565 1496 1811 1569 iisdem
1867 1505 2185 1569 centrum
2224 1516 2391 1570 con·

275 1618 741 1692 stituendum.
771 1613 1039 1689 Deinde
1075 1616 1430 1712 duplicem
1465 1613 1947 1711 Apostolicam
1981 1610 2391 1691 Praefectu-

277 1757 456 1822 ram,
494 1739 786 1812 alteram
821 1738 896 1810 in
933 1732 1318 1814 Ducatibus
1371 1732 1689 1812 Holstein
1726 1747 1799 1810 et
1842 1732 2249 1829 Schleswig,
2288 1739 2392 1811 al-

277 1867 502 1929 teram
553 1859 628 1931 in
706 1854 951 1955 Regno
1031 1853 1304 1932 Daniae
1389 1878 1542 1931 esse
1607 1856 2060 1950 erigendam3
2110 1862 2391 1931 tandem

275 1974 794 2054 Praefecturam
820 1975 1167 2054 Arcticam
1195 2001 1351 2053 esse
1381 1980 1895 2068 coarctandam,
1920 1979 2021 2052 ita
2054 1989 2138 2053 ut
2171 1974 2395 2054 Dani-

275 2120 396 2173 cns
435 2098 702 2173 insulas
739 2096 1445 2188 Ferrois,1slandiae,
1473 2122 1560 2176 ac
1596 2098 2134 2187 Gronelandiae,
2187 2102 2397 2175 alias-

275 2240 446 2315 que,
474 2220 733 2315 quibus
787 2231 991 2294 antea
1044 2222 1442 2309 constabat,
1501 2233 1646 2295 tum
1698 2218 2006 2308 Scotiae,
2063 2231 2215 2295 tum
2268 2218 2395 2295 Se-

275 2342 792 2434 ptemtrionalis
845 2335 1210 2416 Amerioae
1259 2362 1513 2437 prope
1585 2337 1842 2417 Polum
1919 2336 2395 2435 Magneticum

275 2472 516 2553 partes
569 2462 1214 2557 comprehenderet.
1257 2458 1350 2535 At
1388 2464 1570 2535 enim
1605 2463 1775 2536 dum
1820 2484 1982 2557 spes
2020 2462 2396 2555 affulgebat

275 2596 738 2658 memoratam
794 2584 1213 2659 divisionem
1265 2578 1672 2659 Catholicae
1726 2579 2071 2680 Religioni
2128 2584 2264 2658 illis
2319 2583 2395 2659 in

277 2705 682 2798 regionibus
737 2709 886 2780 fore
939 2705 1335 2800 perutilem,
1389 2691 1727 2782 nonnulla
1782 2707 2171 2799 accepimus
2214 2727 2397 2800 quae

269 2829 578 2912 faciunt,
631 2839 711 2898 ut
763 2826 836 2901 in
889 2828 1185 2903 dubium
1241 2837 1616 2901 revocetur
1670 2824 1979 2900 eiusdem
2032 2823 2399 2900 divisionis

275 2947 849 3036 emolumentum,
878 2970 1173 3043 eamque
1211 2947 1656 3042 aliquatenus
1696 2946 2205 3023 immutandam
2242 2969 2401 3020 sua-

275 3067 479 3140 dent.
525 3063 874 3156 Quocirca
928 3068 1178 3142 iterum
1216 3089 1361 3141 rem
1418 3078 1637 3142 totam
1675 3089 1837 3143 cum
1871 3051 2201 3141 vv.'FF.
2244 3062 2394 3140 NN.

272 3183 352 3259 S.
383 3185 482 3260 R.
507 3182 597 3259 E.
620 3183 1110 3262 Cardinalibus
1139 3187 1431 3284 negotiis
1459 3184 1953 3285 Propagandae
1981 3185 2173 3262 Fidei
2200 3207 2402 3285 prae-

275 3306 528 3403 positis
583 3309 1279 3398 communicavimus,
1333 3309 1798 3404 omnibusque
1846 3311 2196 3384 rationum
2246 3331 2404 3384 mo-

275 3425 544 3501 mentis
597 3427 842 3503 sedulo
897 3430 1419 3525 diligenterque
1475 3431 1864 3524 perpensis,
1902 3431 1980 3502 in
2033 3451 2191 3503 eam
2245 3451 2403 3504 sen·

275 3547 587 3622 tentiam
637 3550 1084 3636 devenimus,
1125 3561 1206 3624 ut
1258 3571 1402 3624 non
1453 3550 1678 3625 solum
1726 3570 2015 3624 necesse
2054 3551 2170 3637 sit,
2207 3552 2405 3624 latis-

277 3667 498 3742 simas
547 3667 699 3742 illas
753 3665 1113 3745 Missiones
1166 3669 1410 3758 dividi,
1467 3671 1587 3743 sed
1662 3673 1876 3744 etiam
1955 3672 2402 3765 partitionem

275 3789 692 3864 huiusmodi
720 3791 822 3863 ita
851 3789 1031 3876 fleri,
1067 3802 1151 3866 nt
1183 3812 1312 3886 pro
1367 3789 1657 3886 singulis
1696 3790 1924 3885 regnis
1958 3793 2399 3887 populisque,

277 3911 562 4002 legibus
618 3910 804 3984 inter
857 3934 931 3985 se
986 3911 1439 4008 moribusque
1477 3913 1773 3986 diversis
1812 3913 2082 4005 singula
2137 3909 2408 3988 Missio-

277 4051 462 4103 num
537 4040 782 4105 centra
859 4033 1402 4108 constituantur.
1460 4027 1661 4123 Quae
1736 4054 1895 4107 cum
1950 4035 2051 4107 ita
2123 4035 2266 4109 sint
2318 4035 2403 4110 de

277 4162 831 4224 memoratorum
867 4146 1013 4225 VV.
1043 4147 1184 4225 FF.
1215 4147 1367 4226 NN.
1407 4155 1734 4240 consilio,
1770 4147 2212 4230 Auctoritate
2270 4149 2408 4230 No-

281 4283 434 4344 stra
491 4266 921 4366 Apostolica,
957 4273 1150 4348 hisce
1204 4267 1512 4360 Litteris,
1549 4297 1733 4374 quae
1780 4287 2200 4377 sequuntur,
2236 4298 2397 4354 san·

279 4393 540 4488 simtu,
595 4393 1027 4488 mandamus,
1080 4395 1462 4476 edicimus:
