3292 5275
864 505 1029 595 216

868 670 1181 727 cessores
1215 646 1447 729 Nostri
1488 652 1914 727 indefessam
1947 672 2220 746 semper
2267 674 2562 747 operam
2613 656 2997 740 dederunt,

868 782 949 849 ut
974 771 1302 851 salutaris
1332 767 1597 847 Christi
1632 772 1960 845 doctrina
1997 774 2186 865 apud
2227 792 2472 847 omnes
2503 786 2731 847 terrac
2767 796 3002 870 popu-

867 891 975 963 los
1011 903 1541 985 propagaretur,
1581 894 1872 987 parique
1907 914 2074 965 cura
2113 895 2531 986 vigilarunt,
2571 905 2680 979 ut,
2720 897 2840 970 ubi
2881 920 3002 969 re·-

868 1025 1077 1105 oepta
1132 1025 1349 1095 esset,
1406 1014 1682 1087 sincera
1737 1024 1808 1086 et
1862 1034 2036 1107 pura
2091 1026 2670 1089 conservaretur.
2703 1010 3004 1105 Quocir-

869 1154 957 1209 ca
1014 1134 1235 1211 totius
1272 1132 1465 1209 orbis
1520 1128 1896 1209 Antistites
1953 1152 2147 1208 nunc
2199 1136 2490 1227 singuli,
2547 1135 2838 1209 nuncin
2865 1132 3006 1231 Sy-

870 1250 1073 1333 nodis
1104 1254 1535 1348 cougregati,
1594 1254 1878 1345 longam
1933 1254 2384 1328 ecclesiarum
2421 1257 3002 1331 consuetudinem

868 1386 941 1449 et
990 1374 1327 1469 utiqaae
1382 1375 1662 1470 regulae
1713 1375 2010 1455 ferinam
2067 1388 2471 1471 sequentes,
2529 1399 2615 1450 ea
2677 1398 3004 1471 praeser-

870 1496 1001 1569 tim
1054 1497 1395 1587 pericula.
1448 1518 1627 1590 quae
1685 1497 1758 1569 in
1815 1497 2112 1590 negotiis
2167 1495 2328 1568 fidei
2379 1500 2870 1588 emergebant,
2907 1500 3000 1572 ad

870 1614 1056 1693 ham
1110 1613 1363 1691 Sedem
1416 1612 1890 1709 Apostolicam
1945 1618 2364 1699 retulerunt,
2423 1630 2504 1691 ut
2557 1618 2654 1690 ibi
2711 1621 3007 1712 potissi·-

869 1758 1066 1815 mum
1120 1740 1626 1813 resarcirentur
1681 1738 1942 1813 damna
1997 1738 2189 1827 fidei,
2247 1739 2365 1811 ubi
2419 1738 2596 1812 fides
2677 1760 2819 1812 non
2875 1762 3006 1833 po-

874 1870 1013 1935 test
1066 1861 1331 1937 sentire
1408 1860 1772 1937 defectum
1827 1850 1962 1958 (1).
2047 1856 2350 1935 Romani
2413 1873 2650 1934 autem
2703 1856 3008 1934 Pontifi-

870 1997 1017 2064 ces,
1074 1993 1279 2073 prout
1336 1992 1732 2074 temporum
1793 1994 1866 2052 et
1921 2002 2160 2055 rerum
2225 1981 2546 2055 conditio
2629 1983 3002 2065 suadebat,

874 2120 1067 2175 nunc
1118 2104 1534 2176 convocatis
1568 2100 2040 2175 oecumenicis
2075 2096 2408 2174 Conciliis
2463 2112 2591 2175 aut
2640 2104 3004 2194 explorata

874 2214 1242 2295 Ecclesiae
1298 2242 1420 2317 per
1474 2223 1716 2296 orbem
1771 2224 2127 2315 dispersae
2194 2223 2580 2307 sententia,
2635 2242 2826 2296 nunc
2880 2244 3008 2317 per

876 2336 1201 2435 Synodos
1252 2344 1756 2436 particulares,
1809 2363 1998 2417 nunc
2053 2341 2233 2426 aliis,
2289 2362 2474 2437 quae
2527 2342 2768 2417 divina
2827 2366 3012 2435 sup-

876 2463 1240 2557 peditabat
1292 2464 1765 2557 providentia,
1811 2462 2142 2537 adhibitis
2179 2462 2492 2548 auxiliiS,
2551 2484 2640 2537 ea
2695 2464 3006 2537 tenenda

876 2582 1381 2670 definiverunt,
1462 2606 1643 2682 quae
1711 2583 1925 2658 sacris
1999 2580 2384 2678 Scripturis
2447 2596 2522 2660 et
2604 2584 3010 2678 apostolicis

880 2701 1407 2780 'Ti-aditionibus
1442 2717 1910 2780 consentanea
1948 2703 2098 2778 Deo
2135 2707 2461 2780 adiutore
2493 2718 3006 2798 cognoverant.

878 2823 1117 2919 Neque
1198 2825 1383 2900 enim
1464 2822 1664 2899 Petri
1731 2827 2252 2900 successoribus
2333 2821 2646 2919 Spiritus
2693 2823 3014 2900 -Sanctus

880 2947 1259 3040 promissus
1314 2959 1451 3032 est,
1506 2959 1590 3021 ut
1614 2968 1704 3020 eo
1731 2946 2094 3022 revelante
2149 2967 2406 3019 novam
2459 2945 2848 3019 doctrinam
2883 2967 3014 3040 pa·-

881 3068 1299 3152 teiaeerent,
1358 3067 1483 3140 sed
1536 3079 1619 3139 ut
1670 3089 1756 3139 eo
1815 3069 2192 3140 assistente
2249 3066 2574 3139 traditam
2627 3087 2753 3158 per
2815 3061 3016 3159 Apo-

882 3189 1099 3260 stolos
1152 3188 1658 3264 revelationem
1735 3207 1864 3260 seu
1916 3185 2080 3259 fidei
2131 3185 2544 3280 depositum·
2599 3198 2838 3262 sancte
2891 3209 3018 3259 cu-

882 3307 1229 3380 stodirent
1278 3319 1349 3382 et
1422 3306 1728 3380 fideliter
1807 3319 2274 3400 exponerent.
2331 3301 2650 3394 Quorum
2731 3307 3014 3399 quidem

884 3427 1339 3522 apostolicam
1384 3427 1790 3499 doctrinam
1824 3447 2071 3502 omnes
2106 3421 2538 3499 venerabiles
2574 3421 2818 3497 Patres
2869 3447 3020 3496 nm-

884 3547 1067 3641 plexi
1106 3559 1193 3620 .et
1242 3541 1491 3620 Sancti
1548 3542 1888 3620 Doctores
1941 3547 2322 3620 orthodoxi
2404 3543 2716 3618 venerati
2797 3555 3018 3638 atque

886 3669 1107 3742 secuti
1160 3680 1371 3762 sunt3
1427 3668 1842 3760 plenissime
1899 3665 2232 3752 scientes,
2289 3668 2474 3738 hanc
2535 3663 2756 3738 sancti
2811 3661 3018 3738 Petri

888 3786 1139 3862 Sedem
1195 3788 1284 3859 ab
1340 3788 1537 3860 omni
1582 3808 1863 3881 semper
1899 3807 2138 3860 errore
2193 3784 2534 3860 illibatam
2571 3805 3018 3878 permanere,

888 3908 1277 3983 secundum
1330 3903 1615 3982 Domini
1680 3903 2072 3982 Salvatoris
2127 3908 2346 3980 nostri
2371 3905 2688 3978 divinam
2743 3905 3023 3998 pollici-³

890 4028 1222 4103 tationem
1251 4027 1757 4122 discipulorum
1819 4049 2104 4102 suorum
2139 4027 2436 4120 principi
2493 4026 2744 4099 factam
2787 4047 2807 4095 ε
2867 4021 3020 4120 Ego

932 4396 937 4400 ·
1048 4379 1131 4467 (1)
1173 4379 1273 4452 ct.
1310 4379 1385 4452 S.
1422 4343 1621 4452 liern-
1663 4346 2110 4465 Epire-CXC.
