3292 5275
904 477 1051 561 138

1296 642 1563 693 nmero
1618 642 1782 693 nuo
1839 642 2158 693 Pnosvmto
2213 641 2586 691 cunutus-tm

1064 778 1098 828 Ε
1154 776 1675 829 cononi-:carious
1739 776 2094 827 cassinens}
2151 774 2372 828 Aaou!
2429 774 2833 827 subtusus!-

1585 1452 1842 1549 PIVS
1905 1454 2077 1545 ΡΡ.
2151 1452 2302 1547 ΙΧ.

902 2082 1255 2247 Dilecte
1306 2167 1471 2257 Fili,
1526 2176 1822 2247 salutem
1896 2180 1970 2241 et
2024 2166 2504 2264 Apostolicam
2558 2165 3014 2253 Benedictio-

902 2312 1085 2363 nem.
1141 2287 1535 2367 Dolendum
1590 2294 1904 2385 proiecto
1957 2302 2095 2374 est,
2133 2282 2406 2366 Dilecte
2461 2286 2632 2375 Fili,
2683 2292 3014 2365 nonullos

900 2432 1058 2486 esse
1114 2413 1298 2487 inter
1350 2412 1760 2499 catholicos,
1815 2410 1936 2505 qui
1991 2410 2154 2483 dum
2207 2411 2342 2485 hoc
2377 2412 2656 2485 nomine
2711 2412 3018 2505 glorian·

904 2536 1047 2617 tur,
1089 2532 1363 2607 vitiatis
1397 2532 1976 2627 penitus'imbuti
2013 2531 2376 2625 principiis
2411 2532 2588 2605 adeo
2623 2534 3016 2627 praefracte

904 2655 1059 2726 istis
1099 2655 1499 2740 adhaerent,
1528 2663 1609 2726 ut
1647 2671 1791 2726 non
1827 2651 2036 2726 modo
2073 2655 2282 2748 plane
2317 2652 2658 2726 subiicere
2695 2653 3018 2726 nesciant

905 2775 1331 2852 intellectum
1368 2775 1658 2847 adverso
1689 2774 1904 2847 huius
1941 2768 2240 2846 Sanctae
2277 2769 2480 2846 Sedis
2509 2773 2802 2854 iudicio,
2831 2795 3020 2850 com·

904 2896 1099 2972 muni
1150 2898 1364 2968 etiam
1401 2889 1916 2990 Episcoporum
1971 2913 2260 2967 assensu
2297 2902 2371 2966 et
2407 2895 3020 2970 commendatione

905 3015 1271 3102 robor-2103
1324 3015 1444 3086 sed
1509 3017 1726 3089 immo
1781 3025 2180 3100 censentes,
2261 3015 2620 3088 societatis
2674 3016 3021 3090 hnmanae

906 3155 1345 3230 progressum
1398 3145 1469 3208 et
1524 3136 1934 3210 felicitatem
1995 3134 2136 3206 illis
2193 3135 2474 3208 omnino
2547 3135 2712 3222 niti,
2771 3131 3026 3210 Eccle-

908 3253 1081 3332 siam
1134 3255 1466 3328 inclinare
1503 3267 1852 3332 conentur
1905 3255 1996 3330 ad
2033 3256 2456 3328 sententiam
2511 3277 2740 3342 suam,
2799 3277 3026 3353 seque

908 3378 1137 3450 solum
1188 3395 1433 3469 sapere
1489 3376 1842 3460 arbitrati,
1891 3373 2230 3470 reliquam
2283 3397 2561 3450 omnem
2605 3378 3027 3454 catholicam

906 3496 1243 3570 familiam
1298 3498 1503 3570 aliter
1558 3498 1980 3571 sentientem
2037 3497 2598 3572 ultramontanae
2635 3502 2856 3593 partis
2891 3522 3028 3575 no-

907 3617 1093 3690 mine
1146 3619 1520 3708 designare
1575 3637 1714 3689 non
1751 3619 2198 3693 erubescant.
2251 3611 2484 3705 Quam
2519 3621 2802 3713 quidem
2835 3619 3029 3694 insa-

908 3739 1095 3815 niam
1122 3745 1231 3812 'eo
1285 3739 1744 3832 compellunt,
1801 3749 1880 3812 ut
1961 3737 2276 3812 divinam
2356 3737 2584 3828 ipsam
2663 3737 3029 3818 Ecclesiae

908 3858 1486 3935 constitutionem
1542 3858 1880 3950 refingere
1931 3857 2422 3953 aggrediantur
2473 3869 2548 3932 et
2599 3859 2886 3952 exigere
2931 3863 3028 3936 ad

911 3980 1341 4056 recentiores
1378 3979 1607 4053 civilis
1655 3978 2017 4071 regiminis
2055 3979 2330 4061 modos,
2355 4001 2496 4073 quo
2543 3982 2858 4074 supremi
2885 3977 3032 4058 Re·

912 4100 1129 4173 ctoris
1182 4101 1249 4172 ei
1289 4120 1328 4170 a
1362 4095 1652 4174 Christo
1706 4100 2088 4192 praepositi
2144 4081 2417 4177 facilius
2471 4101 2860 4193 deprimant
2895 4123 3037 4176 au·-

914 4221 1336 4305 ctoritatem,
1374 4223 1582 4296 cuius
1620 4219 2150 4312 praerogativas
2207 4233 2716 4313 expavescunt.
2763 4219 3042 4312 Quam-

916 4341 1153 4426 obrem
1189 4343 1623 4434 perniciosas
1659 4339 1992 4435 quasdam
2027 4341 2390 4420 doctrinas
2443 4343 2728 4439 saepius
2767 4345 3038 4440 impro-
