3292 5275
890 440 1049 525 240

889 582 1133 654 {ariam
1168 580 1569 675 expeditae,
1602 602 1690 653 ea
1729 581 1814 653 de
1869 598 1948 654 re
2003 577 2312 673 expediri
2351 579 2870 653 mandavimus,
2913 573 3009 651 At

886 700 1069 774 enim
1124 722 1285 775 cum
1345 696 1774 773 Venerabilis
1829 695 2074 771 Frater
2113 695 2444 773 Nicolaus
2484 693 2788 771 Adames
2837 694 3015 791 Epi-

884 842 1135 913 scopus
1164 816 1799 902 Alicarnassensis,
1821 829 1892 893 et
1925 814 2256 893 Vicat-ius
2291 816 2742 915 Apostolicus
2769 820 2843 891 in
2871 840 3017 896 me-

884 949 1154 1012 morato
1191 937 1493 1040 Ducatu,
1531 941 1741 1014 enixe
1797 939 2308 1033 postulaverit,
2353 952 2434 1013 ut
2471 960 2660 1014 nova
2698 933 3014 1013 Luxem-

885 1060 1246 1155 burgensis
1326 1057 1672 1141 Ecclesia,
1728 1081 1872 1135 non
1925 1080 2130 1135 secus
2186 1082 2268 1133 ac
2327 1054 2716 1131 vicariatus
2799 1069 3010 1133 antea

882 1184 1197 1255 existens
1232 1191 1647 1275 ceteraeque
1697 1178 2160 1275 Episcopales
2209 1175 2566 1251 Ecclesiae
2605 1180 2677 1250 in
2716 1174 3014 1252 Hollan-

882 1301 995 1376 dia
1049 1312 1321 1375 erectae
1376 1304 1506 1375 suh
1559 1302 1948 1375 directione
1986 1312 2058 1374 et
2113 1299 2593 1393 dependentia
2646 1311 3006 1375 manerent

881 1417 1463 1515 congregationis
1514 1417 2038 1496 venerabilium
2093 1418 2420 1494 Fratrum
2467 1415 2886 1494 Nostrorum
2924 1416 2998 1493 S.

886 1536 973 1613 R.
1013 1538 1098 1615 E.
1139 1536 1609 1615 Cardinalium
1663 1538 1858 1613 Fidei
1898 1522 2404 1634 Propag'andae
2445 1541 2743 1634 negotiis
2797 1562 3010 1633 prae-

885 1664 1295 1753 positorum,
1351 1656 1491 1735 Nos
1547 1662 1633 1733 ad
1687 1683 1840 1740 ram
1893 1662 2164 1740 iterum
2217 1660 2526 1735 animum
2579 1663 3004 1754 appulimuS,

884 1792 1097 1877 atque
1133 1792 1403 1855 attente
1440 1772 1904 1856 consideratis
1943 1780 2266 1856 omnibus
2307 1781 2660 1855 rationum
2699 1804 3008 1857 momen-

774 1964 789 1985 ,
882 1904 975 1974 tis
1009 1924 1190 1996 quae
1236 1903 1323 1975 ab
1374 1897 1928 1975 Alicarnassensi
1984 1898 2346 1995 Episcopo
2404 1903 2751 1976 adductae
2805 1910 3003 1988 sunt,

880 2035 1073 2097 motu
1128 2024 1436 2117 proprio,
1494 2034 1688 2095 certa
1740 2024 2057 2111 scientia,
2098 2024 2324 2117 deque
2362 2018 2810 2117 Apostolicae
2865 2044 3006 2116 po·-

883 2144 1154 2217 testatis
1208 2138 1503 2216 Nostrae
1558 2142 2030 2233 plenitudine,
2070 2143 2271 2228 haec,
2311 2159 2494 2238 quae
2553 2142 3004 2237 infrascripta

886 2274 1078 2345 sunt,
1132 2264 1596 2335 decrevimus.
1777 2281 1780 2287 ·

1094 2380 1148 2455 1.
1186 2376 1618 2456 Vicat-iatum
1646 2378 2122 2477 Apostolicum
2162 2378 2854 2478 Luxemburgensem
2881 2405 3006 2461 us-

881 2527 1020 2599 que
1076 2504 1299 2578 adhuc
1352 2514 1707 2578 extantem
1761 2504 2046 2579 omnino
2101 2526 2560 2598 suppressum
2613 2516 2829 2599 atque
2881 2526 3008 2579 ex-

884 2627 1181 2707 tinctum
1234 2626 1694 2703 declaramus.
1985 2705 1993 2712 ,

1091 2742 1183 2820 11.
1242 2743 1617 2823 Civitatem
1657 2743 2346 2842 Luxcmburgenscm
2401 2751 2478 2822 in
2531 2743 2782 2839 Magno
2813 2748 3006 2824 eius·

882 2869 1046 2944 dem
1079 2866 1377 2957 nominis
1412 2864 1684 2944 Ducatu
1723 2870 1812 2943 ad
1851 2865 2292 2966 Episcopalis
2331 2867 2638 2945 civitatis
2689 2867 3002 2955 titulum,

882 2991 1221 3069 honorem
1267 2999 1347 3066 et
1400 2990 1867 3082 privilegium,
1931 2991 2146 3067 sicuti
2209 3000 2490 3070 ceterae
2518 2985 3004 3083 ‚Episcopales

882 3105 1215 3184 Civitates
1267 3110 1341 3182 in
1416 3103 1812 3200 Hellaudia,
1867 3109 2265 3194 evehimus,
2319 3127 2620 3204 eamque
2676 3130 2806 3202 pro
2861 3131 3004 3184 uno

884 3233 1227 3316 eiusdem,
1254 3232 1562 3307 nominis
1614 3229 1968 3308 ordinario
2005 3226 2302 3310 Pastore
2357 3231 2818 3309 residentiam
2853 3241 3006 3306 sta·

884 3353 1171 3438 mimus,
1226 3349 1693 3442 adsignamus.

1094 3467 1219 3545 ffl.
1256 3465 1678 3556 Ecclesiam.
1735 3491 1922 3565 quae
1976 3472 2150 3546 inihi
2207 3481 2544 3565 praest-u,
2597 3471 2737 3548 sub
2787 3471 3000 3548 titulo

884 3587 964 3666 B.
996 3587 1297 3686 Virginis
1316 3585 1573 3667 Mariae
1596 3588 2098 3669 Consolatriois
2117 3589 2580 3676 Afflictorum,
2609 3612 2792 3687 quae
2829 3593 3001 3668 satin

885 3723 1072 3808 apta,
1126 3713 1383 3797 decora
1434 3723 1510 3788 ct
1548 3724 1960 3806 opportuna
2023 3715 2488 3806 dignoscitur,
2541 3723 2826 3791 retenta
2885 3717 2998 3788 sui

883 3835 1095 3929 prisci
1145 3833 1455 3908 nominis
1504 3831 1974 3916 invocatione,
2029 3855 2160 3910 occ
2211 3856 2356 3911 non
2417 3835 2942 3930 paroecialitate
2967 3883 2996 3923 ‚

882 3975 1099 4050 quam
1150 3953 1385 4039 habet,
1438 3953 1535 4028 ad
1585 3949 2078 4048 Episcopalem
2157 3949 2544 4030 Ecclesiam
2605 3953 2993 4044 efferimus,

885 4095 1049 4152 cum
1102 4075 1421 4160 omnihus
1470 4075 1888 4160 nonoribus,
1925 4076 2230 4161 iurihuS,
2288 4075 2699 4170 privilegiis,
2735 4077 2994 4170 quibua

886 4215 979 4268 ex
1034 4195 1193 4268 iure
1244 4191 1593 4287 commum'
1644 4205 1934 4276 nomme
1993 4191 2446 4290 Episcopum
2505 4189 2862 4294 Ecclesiae
2913 4199 2996 4274 ἰι

886 4309 1255 4393 Hellandia
1307 4317 1725 4412 nuperrime
1767 4326 2038 4418 creatae
2093 4315 2798 4394 utuntur-fruuntur.
