3292 5275
2208 433 2368 576 ⁶203¹

259 636 352 707 ab
431 636 658 709 officio
735 643 1236 707 removeatur:
1293 634 1402 705 his
1457 644 1528 705 et
1581 634 2133 727 quibuscumque
2208 637 2365 708 aliis

259 756 542 829 casibus
595 766 841 827 contra
900 755 1330 846 praedictam
1385 754 1891 827 institutionem
1928 766 1999 827 et
2035 758 2372 846 praesen-

255 890 366 949 tes
417 880 540 951 bas
595 872 882 949 Nostras
935 876 1208 947 litteras
1261 874 1885 947 intervenientibus
1940 877 2369 967 superiorem

257 998 786 1073 renovationem
819 996 960 1069 iam
997 1016 1178 1069 nunc
1233 996 1649 1069 confirmare
1684 996 2141 1080 intendimus,
2191 994 2371 1067 sicut

259 1120 488 1208 reipsa
543 1140 664 1210 per
726 1128 1130 1209 praesentes
1203 1119 1328 1190 has
1399 1118 1676 1189 litteras
1752 1115 2245 1189 confirmamus
2296 1128 2372 1189 et

257 1247 614 1330 quatenus
669 1258 842 1329 opus
899 1239 992 1309 sit
1045 1258 1509 1311 renovamus=
1565 1237 1869 1330 itemque
1935 1239 2259 1310 volumus
2296 1246 2371 1309 et

221 1356 702 1441 ,decernimus
747 1371 828 1430 ut
881 1358 1214 1451 pecuniae
1269 1357 1548 1450 aliaque
1603 1356 1831 1429 omnia
1868 1356 2050 1428 bona
2087 1378 2167 1428 ac
2204 1358 2371 1429 red-

261 1477 445 1549 ditus
503 1502 544 1551 a
599 1473 816 1551 Nobis
872 1480 945 1550 in
999 1480 1230 1551 dotem
1285 1478 1620 1570 praedicti
1658 1476 2017 1569 Gymnasii
2072 1498 2198 1551 seu
2227 1472 2370 1549 Pa-

259 1597 572 1671 trimonii
629 1601 1031 1673 studiorum
1089 1598 1402 1671 attributi
1460 1600 1616 1690 ipso
1668 1597 1847 1670 facto
1898 1607 1971 1671 et
2026 1596 2179 1691 ipso
2214 1601 2371 1673 iure

263 1718 530 1812 absque
583 1721 796 1793 ullius
851 1721 1092 1791 iudicii
1151 1721 1260 1792 vel
1317 1716 1697 1791 sentcntiae
1750 1740 1881 1811 ope
1954 1719 2031 1789 in
2094 1719 2369 1811 privato

259 1832 514 1912 Nostro
567 1839 984 1931 patrimonio
1037 1853 1447 1910 remaneant
1500 1848 1719 1931 atque
1756 1839 1841 1909 ad
1880 1840 2103 1932 ipsum
2162 1860 2373 1915 revo-

261 1970 516 2031 centur
569 1970 640 2030 et
694 1960 1016 2042 redeant,
1047 1958 1260 2031 veluti
1300 1958 1356 2029 si
1397 1960 1752 2051 praedicta
1790 1957 2141 2033 institutio
2194 1980 2373 2031 nun-

261 2098 476 2170 quam
531 2099 572 2150 a
604 2069 820 2151 Nobis
875 2081 1054 2151 facta
1113 2078 1380 2163 fuisset,
1435 2080 1598 2171 quia
1652 2098 2013 2172 nunquam
2054 2082 2369 2166 omnino,

263 2208 692 2271 statutarum
730 2193 962 2290 leg'um
999 2210 1072 2271 et
1111 2199 1590 2271 conditionum
1645 2200 1959 2290 perfecta
1992 2200 2374 2274 observan-

261 2318 363 2389 tia
418 2318 706 2401 snblata‚
764 2313 904 2390 Nos
959 2320 1046 2391 de
1100 2318 1214 2390 illa
1267 2317 1691 2409 perficienda
1744 2319 2109 2389 consilium
2162 2320 2375 2391 iniis·-

262 2440 530 2509 semus.'
553 2435 758 2529 Ipsae
791 2452 1028 2514 autem
1065 2450 1484 2512 memoratae
1521 2435 1863 2531 pecuniae
1902 2439 2087 2511 bona
2136 2442 2371 2514 omnia

267 2578 350 2630 ac
413 2550 728 2629 redditus
779 2561 968 2631 omni
1021 2578 1112 2631 ex
1166 2569 1366 2651 parte
1422 2558 1669 2631 cedere
1722 2570 1815 2631 et.
1846 2559 2201 2652 pertinere
2243 2561 2377 2633 de·

269 2677 542 2754 bebunt
595 2679 682 2750 ad
720 2700 926 2771 supra
965 2691 1295 2754 vocatum
1331 2675 1677 2753 Aloisium
1723 2676 1975 2753 Mastai
2004 2676 2371 2768 Comitem,

262 2795 594 2872 Nostrum
629 2822 711 2871 ex
750 2796 992 2874 Fratre
1029 2797 1369 2893 Nepotem
1423 2812 1495 2874 et
1547 2823 1630 2874 eo
1684 2800 2045 2874 deficiente
2082 2802 2171 2874 ad
2207 2805 2375 2876 hae-

263 2922 472 2994 redes
525 2933 602 2992 et
654 2942 1090 2994 successores
1143 2921 1296 2994 eins
1329 2972 1350 3008 ‚
1407 2924 1610 2996 cuius
1664 2943 2103 3017 quorumque
2159 2925 2375 2999 bone-

265 3042 431 3114 stati
489 3061 573 3113 ac
625 3040 1020 3114 rectitudini
1075 3043 1290 3113 etiam
1347 3043 1421 3112 in
1477 3043 1610 3114 boc
1667 3062 1837 3114 casu
1876 3043 2371 3134 obligationem

267 3163 635 3234 adiicimus
689 3161 1146 3234 subveniendi
1204 3181 1286 3234 ao
1339 3161 1807 3254 prospiciendi
1844 3163 2268 3237 christianae
2304 3177 2379 3239 et

265 3279 660 3354 litterariae
717 3281 1070 3354 studiosae
1148 3284 1542 3356 iuventutis
1619 3283 1915 3355 utilitati
1968 3301 2053 3354 ea
2108 3285 2377 3359 ratione
2465 3279 2473 3286 ’
2516 3279 2524 3288 ’

265 3425 350 3476 ao
403 3405 651 3485 forma,
689 3422 900 3495 quam
955 3422 1080 3493 pro
1137 3391 1262 3475 sua
1315 3403 1739 3476 conscientia
1794 3402 1881 3474 ad
1932 3404 2125 3478 hunc
2162 3403 2371 3479 linem

269 3521 789 3618 assequendum
863 3535 1322 3616 opportunam
1400 3525 1624 3617 magis
1704 3521 1901 3596 iuxta
1982 3533 2375 3618 temporum

267 3645 596 3716 adiuncta
653 3641 1089 3715 censuerint.

473 3758 632 3851 Quo
687 3773 922 3834 autem
978 3762 1188 3836 buius
1236 3759 1526 3838 Nostrae
1579 3765 2055 3860 dispositionis
2120 3779 2194 3841 et
2245 3791 2379 3842 vo·-
2490 3725 2513 3774 '⁴

263 3885 556 3958 luntatis
612 3885 803 3956 nulla
859 3901 1166 3976 unquam
1221 3885 1563 3980 ignoratio
1619 3889 1903 3979 allegari
1960 3893 2184 3982 possit
2238 3911 2376 3965 voa-

261 4007 502 4079 lumus
555 4015 630 4077 et
687 4005 1126 4090 mandamuS‚
1167 4019 1246 4080 ut
1283 4029 1362 4080 ea
1418 4009 1522 4094 illi
1579 4011 1779 4081 cuius
1816 4011 2117 4082 interest
2152 4021 2224 4083 et
2259 4009 2376 4084 cui

261 4127 350 4198 de
405 4127 556 4197 inre
609 4134 892 4217 oportet
945 4120 1358 4199 Nostrarum
1413 4130 1657 4200 harum
1710 4127 2097 4202 litterarum
2156 4141 2377 4203 trans·

261 4247 598 4318 missione
653 4231 854 4337 plene
911 4264 995 4317 ao
1049 4247 1318 4340 integre
1375 4251 1795 4321 innotescat.

471 4362 656 4439 Haec
687 4369 1010 4442 volamus
1041 4370 1418 4442 statuimus
1445 4379 1661 4464 atque
1688 4373 2380 4462 mandamus‚·deeer··
