3292 5275
876 444 1035 525 392

886 577 1105 643 Simile
1136 576 1270 643 Pro
1296 575 1566 643 salutari
1590 576 2090 659 christifidelium
2103 580 2334 660 pabulo
2354 616 2434 629 --
2459 580 2562 643 die
2587 576 2632 645 2
2655 580 2830 643 maii.

955 670 1373 735 Nannetensis
1413 678 1478 734 et
1518 668 1994 751 Andegavensis
2055 672 2118 734 in
2182 668 2421 737 Gallia.
2470 670 2828 737 Distractio

957 782 1033 827 ac
1070 764 1215 829 dein
1257 764 1491 827 additio
1532 760 1990 827 Paroeciarum
2061 810 2076 826 .
2241 810 2258 825 .
2429 811 2446 827 .
2619 810 2634 827 .
2799 786 2836 824 ι
2913 761 2994 828 16

882 949 1103 1017 Simile
1142 984 1221 997 -··
1282 949 1419 1015 Vita
1456 954 1680 1033 [uncto
1745 948 1828 1015 R.
1877 950 1955 1015 P.
2000 948 2083 1015 D.
2152 948 2496 1016 francisco
2537 951 2840 1033 qudio

968 1042 1205 1128 Cuqini
1230 1077 1311 1091 —-
1336 1044 1437 1106 die
1477 1042 1519 1109 8
1559 1044 1731 1107 maii.
1787 1042 1974 1107 Novo
2004 1042 2352 1109 Mutinensi
2395 1044 2832 1125 Archiepisco·

963 1154 1049 1218 po
1090 1136 1497 1200 concreditur
1536 1141 1598 1201 in
1628 1135 2078 1203 commendam
2101 1136 2578 1201 monasterium
2609 1136 2678 1202 S.
2711 1136 2838 1201 Sil-

887 1274 900 1284 .
964 1231 1158 1295 vestri
1199 1230 1279 1293 de
1320 1228 1692 1296 Nonantula
1737 1231 1800 1293 in
1841 1228 2178 1295 Provincia
2227 1232 2680 1297 ravennatensi
2802 1252 2838 1290 n

884 1414 1165 1482 Litterae
1215 1416 1627 1499 Apostolicae
1691 1417 1812 1481 sub
1866 1417 2139 1499 plumbo
2177 1450 2258 1464 -
2299 1414 2575 1481 Romam·
2618 1417 2842 1482 Ponti-

958 1508 1095 1591 fici-5
1124 1507 1527 1591 providentia
1566 1542 1646 1555 —
1685 1510 1972 1574 eiusdem
2012 1510 2148 1573 diei
2189 1506 2232 1575 8
2271 1510 2444 1573 maii.
2491 1508 2735 1574 Earum
2777 1511 2844 1575 vi

967 1601 1204 1684 loseph
1246 1600 1460 1667 Maria
1500 1598 1787 1667 Guidelli
1850 1623 1886 1667 e
1951 1600 2312 1668 Comitibus
2353 1598 2546 1667 Guidi
2595 1605 2846 1667 electus

963 1696 1501 1777 Archiepiscopus
1534 1692 1920 1759 Mutinensis
1963 1697 2026 1758 in
2068 1697 2526 1777 possessionem
2557 1695 2842 1760 immitti-

970 1796 1079 1853 tur
1120 1786 1543 1853 Commendae
1584 1788 1966 1853 Monasterii
1999 1786 2211 1853 Sancti
2257 1786 2548 1853 Silvestri
2587 1790 2666 1855 de
2709 1789 2846 1855 No—

962 1882 1228 1945 nantula
1260 1925 1279 1959 ,
1322 1899 1439 1962 pro
1482 1888 1557 1945 ut
1596 1882 1658 1944 in
1698 1882 2022 1963 superiori
2072 1878 2514 1948 consistoriali
2555 1880 2836 1949 Decreto

964 1977 1205 2039 iussum
1248 1976 1460 2039 fuerat
1514 2022 1529 2039 .
1697 2022 1713 2037 .
1881 2020 1898 2036 .
2069 2020 2086 2037 .
2254 2022 2270 2038 .
2437 2022 2454 2039 .
2620 2022 2637 2039 .
2803 2000 2838 2037 n

888 2158 1241 2245 Decretum
1282 2160 1742 2240 Consistoriale
1769 2197 1845 2211 --·
1887 2162 2324 2232 consistoriali
2355 2164 2609 2229 Decreta
2633 2202 2714 2213 —
2739 2164 2844 2231 die

964 2252 1045 2323 20
1080 2258 1259 2334 maii.
1306 2256 1582 2339 Apuaua
1624 2258 1688 2337 iu
1733 2254 2060 2337 Parmensi
2095 2256 2370 2324 Ditione.
2417 2256 2735 2325 Differtur
2759 2260 2840 2322 ad

967 2349 1435 2432 beneplacitum
1496 2350 1766 2429 Sanctae
1837 2351 2013 2420 Sedis
2055 2355 2408 2433 exequutio
2449 2352 2844 2417 Litterarum

968 2444 1491 2525 Apostolicarum
1536 2446 1664 2537 sul?
1727 2445 1993 2526 plumbo
2055 2464 2174 2527 pro
2233 2447 2644 2513 distractione
2693 2448 2848 2528 plu·

970 2539 1139 2602 rium
1182 2536 1637 2605 Paroeciarum
1705 2582 1720 2601 .
2073 2584 2090 2601 .
2253 2580 2270 2601 .
2808 2561 2845 2599 ι

890 2723 1173 2795 Litterae
1222 2718 1639 2809 Apostolicae
1700 2726 1823 2804 sub
1883 2727 2125 2790 annulo
2175 2725 2518 2792 Piscatoris
2557 2760 2636 2774 ·-
2677 2727 2848 2808 Apo-

968 2819 1244 2884 stolicam
1270 2819 1568 2886 Nostram
1608 2819 2084 2884 sollicitudinem
2121 2854 2200 2868 ·-
2240 2821 2344 2886 die
2383 2817 2462 2886 16
2487 2821 2669 2884 iunii.
2717 2819 2848 2884 Ve-

970 2914 1298 2980 hementer
1340 2915 1515 2983 dolet
1568 2933 1789 2978 omnes
1841 2932 2032 2980 curas
2081 2931 2230 2978 suas
2269 2922 2335 2979 et
2373 2912 2594 2994 Legati
2638 2931 2677 2976 a
2719 2911 2850 2978 La·

971 3015 1109 3087 tere
1167 3009 1694 3086 extraprdinem
1745 3007 2360 3088 Coristantinopolim
2411 3009 2580 3071 missi
2625 3008 2850 3072 inanes

971 3102 1163 3180 tuisse
1208 3101 1288 3164 ad
1312 3093 1585 3169 schisma
1614 3102 1783 3164 inter
1823 3099 2161 3167 Armenios
2203 3101 2554 3164 excitatum
2586 3117 2850 3184 compe-

971 3195 1298 3275 scendum,
1337 3171 1509 3284 quod
1553 3193 1747 3256 immo
1779 3194 1842 3256 iu
1869 3193 2002 3258 dies
2034 3195 2229 3259 latius
2249 3202 2669 3278 propagatur.
2713 3189 2850 3259 lm-

972 3287 1353 3368 probitatem
1396 3293 1463 3350 et
1484 3289 1836 3367 nequitiam
1865 3287 2414 3350 schismaticorum
2443 3287 2739 3367 deplorat
2769 3304 2850 3350 ac

970 3380 1325 3470 detestatur
1370 3380 1745 3466 praesertim
1789 3378 2474 3461 pseudopatriarchae,
2503 3380 2614 3460 qui
2654 3380 2850 3459 quin-

974 3493 1099 3555 que
1140 3473 1690 3539 ueoschismaticis
1738 3473 2122 3554 presbyteris
2183 3473 2564 3554 episcopalis
2627 3489 2854 3538 conse-

920 3619 953 3664 e·
975 3554 1275 3658 orationis
1304 3560 1529 3630 manus
1564 3562 1857 3660 conferre
1886 3585 2010 3631 non
2041 3565 2502 3630 reformidavit.
2543 3563 2676 3630 Hos
2709 3583 2854 3629 om-

974 3679 1086 3724 nes
1114 3661 1696 3724 excommunicatos
1727 3669 1791 3723 et
1821 3660 1902 3724 ab
1935 3657 2260 3723 Ecclesiae
2291 3657 2660 3724 Catholicae
2703 3661 2850 3722 uni-

976 3763 1109 3822 tate
1148 3761 1512 3836 segregatos
1554 3755 1869 3835 declarat,
1915 3756 2306 3839 proindeque
2347 3753 2564 3816 fideles
2605 3761 2846 3832 mouet,

978 3856 1052 3913 ut
1080 3822 1171 3928 ‘ali
1213 3847 1431 3912 iisdem
1485 3844 1962 3935 diligentissime
1993 3841 2274 3912 'caveant
2300 3889 2318 3926 ,
2372 3847 2648 3910 maxime
2691 3865 2850 3910 vero

976 3959 1014 4006 a
1058 3939 1650 4029 pseudoepiscopis..
1689 3939 1778 4007 At
1813 3943 2100 4006 laetatur
2139 3939 2214 4004 de
2255 3939 2555 4004 firmitate
2595 3946 2662 4002 et
2699 3957 2854 4004 cou-

977 4037 1211 4100 stantia
1256 4028 1739 4124 catholicorum
1781 4031 2189 4124 Praesulum,
2220 4025 2418 4112 Cleri,
2460 4040 2524 4096 et
2563 4033 2852 4096 fidelium

978 4129 1265 4206 Armenii
1309 4129 1471 4195 ritus
1542 4127 1605 4192 in
1667 4131 1937 4194 veritate
1981 4137 2046 4192 et
2085 4129 2326 4192 unitate
2378 4127 2694 4190 catholica
2735 4145 2853 4190 cu-

978 4221 1339 4292 stodienda..
1376 4218 1605 4307 Neque
1653 4231 1861 4287 tamen
1912 4222 2303 4310 miserrimos
2343 4221 2492 4284 illos
2539 4219 2854 4284 schisma-

974 4318 1145 4410 ¹ticos
1187 4310 1630 4414 obliviscitur,
1675 4331 1792 4399 pro
1831 4317 2064 4406 quibus
2107 4311 2318 4404 Deum
2367 4313 2699 4380 humiliter
2740 4314 2850 4390 de·
