3292 5275
2251 536 2415 618 215

288 663 454 739 lesu
516 662 789 741 Christi
846 670 1308 761 praetermitti
1366 674 1716 746 sententia
1766 675 2112 749 dicentis:
2187 672 2298 750 Tu
2335 700 2412 752 es

288 783 581 868 Petrus,
644 798 717 861 ct
770 808 979 881 super
1028 790 1207 865 hanc
1272 804 1547 884 petram
1582 792 1964 867 aedificabo
2019 792 2412 869 Ecclesiam

288 928 545 991 meam,
582 908 782 993 hacc,
848 929 1026 1002 quae
1083 909 1283 984 dicta
1340 922 1535 1001 sunt,
1602 936 1842 988 rerum
1880 917 2274 1009 probantur,
2311 917 2418 990 ef·-

286 1028 587 1101 fectibus
616 1078 641 1115 ‚
711 1030 883 1122 quia
948 1032 1019 1102 in
1083 1028 1265 1104 Sede
1330 1030 1737 1126 Apostolica
1801 1038 2241 1109 immaculata
2305 1049 2422 1115 est·

290 1168 569 1243 semper
621 1151 965 1224 catholica
1028 1163 1390 1225 reservata
1446 1156 1728 1246 religio,
1795 1167 1870 1229 et
1926 1169 2170 1229 sancta
2225 1159 2421 1231 cele-

284 1270 495 1342 brata
524 1272 898 1345 doctrina.
973 1267 1085 1343 Ab
1152 1274 1363 1348 huius
1428 1296 1595 1369 crgo
1632 1274 1770 1348 fide
1809 1288 1881 1349 et
1914 1276 2236 1351 doctrina¹
2299 1296 2423 1351 se-·

288 1388 515 1483 parari
579 1393 863 1465 minime
922 1396 1317 1487 cupientes,
1378 1416 1777 1487 speramuS‚
1817 1410 1898 1471 ut
1936 1400 2012 1469 in
2049 1418 2420 1472 unacom-

284 1510 623 1584 munione
654 1558 676 1597 ,
741 1534 953 1606 quam
1036 1508 1246 1585 Sedes
1306 1510 1720 1607 Apostolica
1781 1516 2184 1610 praedicat,
2253 1540 2416 1591 csse

286 1652 707 1715 mereamur,
774 1634 847 1705 in
914 1654 1042 1727 qna
1097 1644 1204 1706 est
1269 1616 1545 1727 integra
1610 1648 1686 1709 et
1745 1658 1915 1711 vera
1951 1632 2424 1713 Christianae

286 1754 651 1844 religionis
712 1754 1033 1827 soliditas
1113 1746 1245 1853 (1).
1317 1750 1776 1849 Approbante
1869 1780 2046 1832 vero
2125 1754 2426 1851 Lugdu-

284 1876 489 1947 ncnsi
554 1870 873 1948 Concilio
928 1876 1257 1961 secundo,
1312 1872 1566 1948 Graeci
1623 1879 1930 1971 professi
1983 1889 2202 1968 sunt3
2239 1876 2417 1952 San-

286 2008 483 2069 ctam
534 1990 912 2069 Romanam
976 1992 1373 2069 Ecclesiam
1428 2018 1770 2069 summum
1806 2010 1882 2071 ct
1918 2000 2220 2091 plenum
2267 2003 2424 2093 psi-

286 2126 555 2189 matum
608 2127 682 2189 et
736 2118 1207 2209 principatum
1268 2140 1485 2212 super
1540 2117 1956 2192 universam
2019 2115 2412 2193 Ecclesiam

284 2238 704 2312 catholicam
766 2240 1118 2323 obtinere,
1182 2258 1393 2332 quem
1448 2261 1525 2313 sc
1582 2241 1674 2312 ab
1753 2241 1908 2333 ipso
1977 2236 2278 2313 Domino
2341 2240 2413 2310 in

284 2359 497 2431 beato
534 2354 749 2432 Petro
815 2353 1313 2453 Apostolorum
1367 2357 1682 2453 principe
1737 2361 1890 2432 sive
1945 2362 2250 2443 vertice,
2287 2380 2416 2435 cu-

286 2481 401 2554 ius
458 2474 811 2552 Romanus
867 2475 1189 2551 Pontifex
1252 2492 1365 2551 cst
1434 2500 1824 2565 successor,
1885 2501 2044 2553 cum
2100 2491 2420 2573 potesta·-

288 2600 372 2672 tis
430 2599 611 2692 pleni
624 2600 861 2675 tudine
926 2599 1270 2694 recepisse
1325 2602 1678 2677 veraciter
1731 2612 1806 2674 et
1863 2600 2218 2674 humiliter
2292 2610 2417 2673 re·-

286 2721 698 2813 cognoseit3
750 2733 821 2792 et
873 2724 1059 2796 sicut
1123 2745 1291 2816 prae
1350 2726 1651 2796 caeteris
1717 2732 2004 2796 tenetur
2066 2721 2228 2794 fidei
2285 2743 2416 2795 ve-

282 2843 569 2916 ritatem
626 2843 1023 2927 defendere,
1080 2845 1181 2915 sic
1236 2852 1337 2926 et,
1396 2841 1453 2914 si
1510 2864 1696 2936 quae
1735 2843 1824 2915 de
1880 2841 2016 2914 tide
2075 2843 2408 2916 subortae

282 2962 549 3036 fuerint
600 2963 1079 3056 quaestione3‚
1118 2986 1248 3036 suo
1300 2963 1557 3035 debent
1594 2965 1862 3036 iudicio
1899 2962 2220 3035 definiri.-
2249 2961 2418 3036 Flo-

282 3083 647 3158 reatinum
718 3085 1019 3178 denique
1100 3077 1487 3157 Concilium
1558 3083 1932 3157 definivitz
2001 3079 2418 3157 Pontificem

278 3201 710 3290 Romanum,
774 3225 1023 3278 verum
1076 3201 1341 3278 Christi
1404 3198 1766 3278 vicarium
1788 3252 1811 3291 ‚
1877 3202 2228 3296 totiusque
2269 3199 2418 3276 Ec-

280 3325 539 3400 clesiae
593 3337 807 3419 caput
868 3337 943 3398 et
1006 3326 1323 3397 omnium
1374 3319 1942 3398 Christianorum
1999 3333 2274 3415 patrem
2336 3343 2417 3395 ac

278 3447 645 3520 doctorem
710 3449 1063 3520 existere:
1122 3456 1197 3517 et
1262 3447 1401 3538 ipsi
1466 3445 1540 3515 in
1576 3439 1802 3517 Beato
1850 3439 2062 3516 Petro
2119 3463 2418 3536 pascent-⁴

279 3569 383 3654 di,
442 3567 733 3659 regendi
806 3587 892 3639 ac
964 3566 1403 3658 gubernandi
1468 3565 1952 3638 universalem
2013 3559 2413 3638 Ecclesiam

280 3711 325 3762 a
382 3684 692 3761 Domino
754 3700 995 3761 nostro
1048 3684 1209 3760 lcsu
1272 3683 1561 3758 Christo
1642 3686 1950 3778 plenam·
1997 3693 2414 3778 potestatem

280 3809 621 3882 traditam
678 3827 859 3882 esse.

500 3923 685 4003 Huic
722 3930 1053 4023 pastorali
1090 3933 1362 4003 muneri
1402 3939 1485 4001 ut
1522 3930 2048 4013 satisfacerent,
2097 3923 2414 4001 Pracdc-

447 4214 533 4297 (1)
575 4213 679 4280 Ex
720 4215 1002 4280 formula
1032 4215 1099 4282 S.
1130 4164 1509 4283 Hormisdae
1538 4217 1780 4300 Papae,
1812 4223 2008 4298 prout
2036 4217 2118 4280 ab
2143 4215 2416 4280 Hadria-

280 4327 373 4372 no
416 4306 501 4372 11.
545 4307 846 4374 Patribus
875 4307 1147 4376 Concilii
1188 4309 1604 4376 oecumenici
1632 4308 1840 4390 vm„
1879 4309 2416 4392 Constantinopo-

284 4403 477 4468 litani
518 4401 658 4484 IV„
700 4404 1034 4487 proposita
1077 4411 1144 4471 et
1189 4405 1271 4470 ab
1312 4407 1537 4472 iisdem
1566 4406 1942 4489 ,subscripta
1977 4409 2131 4470 εει·
2249 4467 2256 4475 ,
