3292 5275
2245 486 2386 569 151

278 626 427 696 fore
480 625 945 715 comperiatur
996 626 1093 711 id,
1130 626 1319 719 quod
1358 626 1589 701 valeat
1630 632 1948 701 sufficere
1989 627 2075 701 ad
2113 620 2402 701 carum?

274 744 437 817 dem
476 742 907 834 singularum
943 743 1469 822 institutionum
1529 742 1553 842 (
1592 748 1865 822 etiamsi
1914 746 2252 841 paulatim
2287 749 2402 821 iu-

272 875 399 937 xta
456 864 779 937 ordinem
832 867 1115 940 maioris
1172 866 1609 939 necessitatis
1676 869 1792 943 vel
1857 866 2404 961 opportunitatis

276 982 925 1082 conficiendarum)
982 987 1216 1059 dotem
1273 1006 1399 1059 seu
1458 984 1864 1079 pensionem
1925 1008 2230 1078 congrue
2283 988 2402 1063 iu·-2

272 1106 591 1197 giterque
648 1104 1197 1200 attribuendam.

490 1221 723 1313 Quam
744 1228 1025 1319 quidem
1044 1224 1401 1301 ecclesiam
1416 1222 1752 1302 Civitatis
1768 1223 2256 1311 Victoriensis‚
2273 1248 2397 1303 seu

276 1342 853 1438 Tamaulipanam
882 1349 953 1419 in
970 1343 1597 1439 Arcbiepiscopalis
1617 1345 1976 1421 Ecclesiae
2001 1342 2402 1421 Mexicanae

275 1464 797 1557 suffraganeam
828 1488 991 1541 cum
1018 1468 1343 1543 omnibus
1375 1468 1938 1561 quibuscumque
1961 1468 2258 1552 iuribus,
2279 1470 2406 1541 ho-

272 1588 599 1675 noribus,
654 1588 1181 1680 praerogativi&
1222 1588 1495 1678 gratiis,
1529 1587 1848 1676 indultis,
1903 1608 2080 1681 quae
2137 1590 2408 1681 pariter.

276 1707 469 1781 illius
525 1704 1195 1800 Archiepiscopatus
1224 1705 1587 1782 Ecclesiae
1642 1704 2136 1803 suffraganeae
2177 1730 2256 1779 ac
2295 1710 2429 1793 νῆ.)

277 1829 515 1901 cissim
570 1830 825 1901 babere
906 1828 1125 1903 solent
1206 1841 1417 1923 atque
1490 1828 1700 1916 tueri,
1751 1829 1950 1901 dicta.
2003 1826 2406 1921 Apostoliea

276 1950 705 2021 auctoritate
758 1948 1165 2021 subiieimus
1196 1995 1219 2032 ‚
1280 1949 1619 2041 illiusque
1703 1947 2106 2026 canonicam
2165 1959 2406 2053 tantu

278 2090 412 2161 pro
466 2064 901 2142 Litterarum
954 2063 1521 2160 Apostolicarum
1574 2068 2019 2161 expeditione
2054 2114 2077 2152 ‚
2132 2068 2409 2163 quoties

280 2189 519 2261 eidem
600 2184 1006 2263 cathedrali
1087 2184 1443 2263 Ecclesiae
1498 2185 1814 2261 Antistes
1883 2189 2103 2261 tuerit
2157 2188 2412 2281 praefi,-

279 2308 597 2394 cienduS,
636 2310 707 2381 in
762 2308 990 2383 aureis
1048 2308 1331 2381 florenis
1373 2309 1458 2381 de
1514 2328 1786 2381 camera
1843 2308 2152 2401 triginta
2183 2310 2406 2386 tribus

280 2452 449 2503 cum
504 2431 718 2504 tertia
774 2430 1089 2501 eiusdem
1144 2429 1385 2509 floreni
1442 2440 1639 2521 parte
1694 2430 2110 2511 statuimuS,
2169 2428 2410 2524 sicque

282 2552 361 2623 in
414 2551 617 2627 libris
670 2570 991 2625 camerae
1044 2548 1487 2644 Apostollcac
1528 2546 1870 2644 Sacrique
1907 2545 2210 2627 Sanctae
2267 2544 2408 2650 Ro·-

280 2693 527 2744 manae
582 2668 945 2744 Ecclesiae
980 2669 1457 2769 Cardinalium
1497 2667 1792 2762 Collegii
1847 2670 2134 2744 inscribi
2177 2680 2258 2742 et·
2281 2670 2410 2754 obe

280 2791 559 2866 servari
614 2793 954 2867 iubemus

499 2909 818 2987 Tandem
882 2909 1097 2988 Nobis
1152 2922 1227 2984 et
1282 2908 1597 3018 Romano
1651 2862 1980 2984 Pontifici
2041 2933 2169 3003 pro
2237 2921 2412 2984 tem-·

282 3055 457 3128 perc
508 3035 845 3108 existenti
912 3035 1317 3107 facultatem
1400 3053 1866 3117 reservamus
1898 3079 1918 3116 ,
1973 3034 2412 3116 circumscri-

282 3153 499 3226 bendi
555 3153 737 3226 hanc
794 3175 1049 3226 novam
1086 3149 1513 3235 Dioecesim‚
1558 3153 2150 3246 quandocumque
2187 3154 2410 3243 magis

284 3275 363 3345 in
418 3268 729 3346 Domino
770 3275 1005 3346 visum
1058 3272 1273 3349 suerit
1322 3273 1736 3366 expedire·

497 3388 915 3468 Praesentes
971 3413 1146 3466 vero
1199 3389 1503 3467 Litteras
1560 3393 1681 3466 de
1709 3391 2186 3484 subreptionis
2217 3441 2244 3480 ,
2299 3345 2412 3464 vel

280 3513 721 3606 obreptionis
752 3561 775 3596 ‚
829 3525 957 3588 aut
1010 3513 1377 3598 nullitatiS,
1436 3535 1563 3587 seu
1620 3513 2038 3586 intentionis
2095 3507 2415 3600 Nostrae,

282 3645 411 3710 aut
464 3634 780 3729 quolibet
862 3635 999 3707 alio
1080 3635 1363 3709 defectu
1418 3637 1908 3728 quamtumvis
1991 3632 2286 3710 iuridico
2340 3645 2414 3705 et

282 3754 758 3837 substantiali,
816 3756 1027 3828 etiam
1076 3777 1161 3828 ex
1212 3777 1301 3828 eo
1352 3756 1543 3849 quod
1592 3758 2030 3849 quicumque
2087 3756 2160 3826 in
2214 3775 2417 3847 prae-.-

284 3877 523 3949 missis
586 3875 905 3948 omnibus
978 3887 1050 3948 et
1122 3877 1415 3968 singulis
1476 3854 2004 3969 quomodolibet
2076 3874 2413 3948 interesse

286 3999 627 4070 habentes
654 4007 727 4068 et
756 3995 1013 4068 habere
1044 4007 1397 4089 putantes,
1420 4017 1551 4070 seu
1584 3998 2157 4090 praetendentes,
2183 3997 2415 4086 cuius-

284 4135 592 4211 cumque
646 4115 1045 4209 qualitatis,
1098 4129 1367 4200 status,
1430 4119 1874 4192 conditionis
1927 4131 2002 4190 et
2048 4116 2416 4211 dignitatis

285 4236 625 4321 existant,
684 4236 773 4309 ad
831 4236 903 4308 id
959 4239 1218 4324 vocati,
1274 4235 1874 4311 citati-et·audlti
1931 4259 2065 4312 non
2107 4237 2412 4322 suerint,

294 4371 359 4430 tt
412 4377 501 4430 ex
560 4378 1003 4454 quacumque
1058 4359 1191 4434 alia
1247 4380 1460 4432 causa
1517 4359 2002 4454 quamtumvis
2077 4359 2216 4452 pia,
2273 4357 2418 4452 pri-
