3292 5275
859 471 1013 557 122

852 573 1055 701 mini,
1094 627 1169 690 et
1222 615 1297 689 in
1350 618 1501 691 eius
1538 618 1778 702 aedes,
1818 617 2036 703 bona,
2077 618 2352 693 reditus
2390 619 2676 706 babere,
2733 632 2804 694 et
2835 640 2971 695 ex-

854 756 1093 809 ercere
1148 758 1351 829 posse
1404 736 1756 823 volumus,
1809 736 2250 811 declarantes
2310 758 2590 833 quoque
2647 740 2838 834 ipsos
2873 742 2970 813 li-

854 856 1061 932 beros
1114 856 1201 929 ab
1281 859 1473 931 omni
1554 878 1770 931 onere
1797 907 1822 945 ,
1877 868 1950 931 et
1999 858 2451 951 obligatione,
2511 858 2622 933 cui
2679 854 2973 934 Patroni
3087 842 3096 851 ’

856 976 1049 1051 iuxta
1102 998 1339 1051 sacros
1389 973 1718 1051 Canones
1774 978 2063 1052 obnoxii
2123 990 2294 1055 sunt
2323 1025 2348 1058 ‚
2401 980 2514 1052 vel
2579 1000 2734 1054 esse
2799 1002 2972 1077 pos-f

856 1107 1039 1169 sunt.
1096 1092 1571 1171 Decernentes
1623 1110 2032 1193 praesentes
2069 1095 2356 1173 Nostras
2411 1096 2746 1186 LitteraS,
2782 1112 2854 1174 et
2893 1103 2972 1173 in

858 1216 959 1288 eis
1015 1226 1345 1289 contenta
1381 1238 1890 1312 quaecumque,
1921 1220 2138 1293 etiam
2175 1241 2266 1293 ex
2301 1241 2386 1293 eo
2431 1221 2620 1315 quod
2675 1220 2974 1315 quilibet

858 1333 931 1407 in
984 1336 1384 1428 praemissis
1416 1385 1438 1422 ,
1496 1359 1623 1411 seu
1677 1360 1922 1413 eorum
2003 1340 2224 1435 aliqui
2281 1342 2394 1415 ius
2448 1341 2564 1412 vel
2635 1338 2974 1415 interesse

856 1455 1188 1529 habentes
1210 1503 1233 1542 ,
1302 1478 1429 1534 seu
1509 1458 1764 1532 habere
1845 1460 2368 1555 quomodolibet
2433 1460 2976 1553 praetendentes

860 1576 1066 1649 etiam
1118 1576 1441 1671 specifica
1494 1591 1564 1652 et
1618 1579 1984 1655 individua
2035 1580 2384 1655 mentione
2448 1592 2522 1655 et
2575 1582 2974 1673 expressio-

862 1718 950 1769 ne
1004 1698 1197 1791 digni
1234 1702 1370 1773 illis
1424 1724 1566 1775 non
1602 1704 2112 1787 consenserint,
2167 1722 2292 1773 nec
2348 1702 2440 1773 ad
2489 1722 2574 1775 ea
2629 1703 2866 1777 vocati
2901 1712 2978 1775 et

864 1817 1109 1903 auditi,
1148 1841 1375 1915 neque
1428 1843 1680 1895 causae
1737 1834 2018 1917 propter
2063 1844 2241 1916 quas
2296 1821 2578 1895 eaedem
2633 1842 2978 1915 praesen-

864 1948 971 2011 tes
1024 1944 1529 2027 emanaverint,
1586 1943 1958 2029 adductae,
1995 1943 2428 2027 verilicatae,
2469 1942 2582 2013 vel
2620 1942 2979 2015 sufficien-

868 2070 1004 2147 ter,
1058 2074 1184 2135 aut
1237 2060 1371 2135 alio
1426 2064 1630 2136 modo
1681 2062 2098 2137 iustificatae
2153 2061 2410 2135 fuerint
2437 2112 2459 2151 ,
2515 2074 2642 2139 aut
2696 2083 2784 2137 ex
2841 2062 2980 2137 alia

864 2178 1175 2275 qualibet
1226 2182 1439 2255 etiam
1492 2184 1972 2279 quamtumvis
2027 2182 2350 2268 iuridica,
2405 2194 2477 2257 et
2533 2184 2980 2277 privilegiata

866 2322 1105 2389 causa,
1140 2302 1395 2389 colore,
1433 2316 1802 2399 praetextu
1841 2316 1910 2377 et
1945 2306 2177 2399 capite
2233 2306 2378 2377 ullo
2433 2324 2766 2398 umquam
2805 2316 2982 2377 tem·

870 2443 1035 2519 porc
1088 2424 1179 2499 de
1232 2427 1734 2521 subreptionis,
1773 2429 1890 2501 vel
1927 2426 2396 2520 obreptionis,
2453 2436 2578 2499 aut
2631 2426 2983 2499 nullitatis

869 2544 1076 2625 vitio,
1130 2566 1257 2620 seu
1312 2546 1716 2621 intentionis
1767 2544 2092 2627 Nostrae,
2149 2547 2264 2619 vel
2319 2548 2660 2619 interesse
2713 2544 2986 2617 haben·

872 2668 1045 2740 tium
1072 2690 1438 2755 consensu,
1468 2669 1698 2745 aliove
1727 2669 2040 2766 quolibet
2069 2669 2286 2742 etiam
2321 2668 2796 2762 quamtumvis
2831 2687 2987 2740 ma·

869 2809 1042 2884 gno,
1098 2811 1185 2864 ac
1237 2791 1507 2863 formali
1562 2800 1637 2864 et
1691 2788 2132 2863 substantiali
2188 2788 2468 2861 defectu
2525 2785 2790 2872 notari,
2843 2786 2986 2858 im-

872 2913 1196 3004 pugnari,
1227 2909 1534 3004 infringi,
1574 2911 1972 2987 invalidari.
2018 2909 2410 2996 retractari,
2451 2909 2526 2980 in
2565 2917 2988 2981 controver-

872 3031 1047 3110 siam
1102 3032 1369 3116 vocari,
1408 3042 1535 3104 aut
1588 3032 1678 3103 ad
1733 3030 2066 3104 terminos
2119 3027 2294 3100 iuris
2349 3027 2618 3110 reduci,
2679 3047 2804 3100 seu
2862 3027 2989 3098 ad·

874 3171 1127 3226 versus
1180 3151 1333 3226 illos
1388 3150 1794 3244 aperitionis
1873 3151 2014 3224 oris
2045 3197 2070 3235 ,
2128 3147 2601 3222 restitutionis
2683 3147 2752 3218 in
2807 3148 2992 3218 inte-

874 3291 1073 3366 grum
1103 3319 1125 3356 ,
1182 3271 1465 3344 aliudve
1540 3271 2028 3365 quodcumque
2084 3269 2262 3344 iuris
2336 3267 2501 3341 faeti
2557 3266 2668 3340 vel
2723 3265 2990 3357 gratiae

876 3391 1259 3466 remedium
1314 3390 1675 3475 intentari,
1731 3392 1842 3464 vel
1899 3390 2292 3484 impetrari,
2353 3397 2473 3459 aut
2525 3388 2742 3459 etiam
2795 3379 2990 3458 Motu

876 3513 1155 3606 proprio
1186 3559 1209 3598 ,
1271 3524 1344 3585 et
1406 3512 1493 3584 de
1556 3509 2004 3607 Apostolieae
2086 3505 2471 3584 Potestatis
2553 3505 2991 3602 plenitudine

876 3653 1195 3708 concesso
1252 3635 1367 3706 vel
1402 3645 1750 3720 emanato,
1785 3633 2184 3727 quempiam
2239 3630 2310 3702 in
2366 3627 2636 3703 iudicio
2697 3619 2807 3700 vel
2862 3649 2996 3700 ex-

880 3763 985 3824 tra
1040 3751 1209 3826 illud
1266 3751 1368 3826 uti
1390 3797 1413 3836 ,
1470 3773 1591 3824 seu
1649 3773 1726 3824 se
1789 3755 2032 3828 iuvare
2089 3751 2229 3824 ullo
2283 3749 2488 3823 modo
2543 3769 2750 3843 posse
2787 3795 2812 3832 ,
2867 3747 2992 3820 sed

882 3872 1065 3964 ipsas
1116 3879 1521 3964 praesentes
1576 3893 1853 3966 semper
1905 3871 2163 3958 firmaS,
2221 3870 2494 3944 validas
2549 3878 2624 3943 et
2677 3867 2999 3942 efficaces

879 3990 1180 4064 existere
1232 4004 1304 4064 et
1358 3993 1507 4065 iore
1536 4042 1558 4079 ,
1614 4013 1912 4086 suosque
1975 3993 2322 4084 plenarios
2388 4002 2462 4064 et
2515 3991 2826 4080 integros
2881 3989 2998 4060 ef·-

882 4111 1107 4184 fectus
1158 4111 1391 4184 sortiri
1446 4123 1521 4186 et
1572 4112 1929 4199 obtinere,
1987 4133 2070 4186 ae
2123 4111 2210 4184 ab
2265 4110 2402 4184 illis
2459 4110 2548 4181 ad
2599 4129 2779 4204 quos
2833 4129 2992 4204 spe-

884 4241 1086 4317 ctat,
1140 4243 1215 4305 et
1268 4253 1397 4326 pro
1452 4243 1764 4328 tempore
1817 4233 2388 4329 quandocumque
2441 4229 2816 4325 spectabit,
2879 4227 3000 4330 in-g·
