3292 5275
834 635 1119 722 sistorii,
1158 654 1302 710 una
1359 654 1516 711 enm
1567 647 1957 709 memorata
1992 632 2519 709 Constitutione
2558 654 2601 707 a
2644 628 2952 725 Congre-

831 760 1111 852 gatione
1157 753 1410 830 Nostra
1447 758 1534 828 de
1571 752 2031 849 Propaganda
2090 752 2260 827 Fide
2317 776 2442 848 pro
2494 753 2791 846 negotiis
2828 750 2953 825 Ri-

831 888 948 951 tus
1022 873 1402 953 Orientalis
1467 879 1748 951 fuerant
1830 874 2273 963 transmissa,
2350 876 2540 947 omni
2616 874 2952 968 obsequio

827 978 1132 1092 excepit.
1203 994 1386 1071 Cum
1449 1000 1689 1082 enim,
1758 997 2177 1100 posthabitis
2244 998 2633 1087 longaevae
2700 997 2952 1069 aetatis

831 1140 914 1191 ac
970 1117 1420 1190 difficillimae
1477 1119 1782 1209 regionis
1821 1116 2307 1203 incommodis,
2346 1118 2421 1187 in
2458 1114 2952 1189 Curdistaniae

829 1251 1102 1312 montes
1155 1250 1324 1311 tunc
1380 1238 1811 1322 divertisset,
1870 1249 1953 1311 ut
1989 1231 2425 1310 Nestorianis
2482 1238 2553 1308 in
2591 1233 2952 1311 Ecclesiae

826 1361 1054 1431 sinum
1110 1359 1527 1432 revocandis
1566 1360 1866 1429 alacrem
1906 1368 2115 1451 atque
2156 1359 2405 1431 utilem
2447 1378 2572 1449 pro
2621 1380 2750 1430 suo
2804 1380 2953 1433 mo-

831 1501 907 1551 re
981 1502 1264 1574 operam
1329 1478 1811 1572 impenderet,
1875 1479 2246 1551 mandavit
2308 1474 2487 1551 Ven.
2560 1474 2679 1549 Fr.
2745 1474 2952 1551 Eliae

827 1595 1184 1694 Episcopo
1239 1597 1477 1672 Akrae
1513 1594 2061 1684 Chaldaeorum,
2118 1618 2330 1692 quem
2388 1598 2476 1670 ad
2530 1599 2711 1670 hanc
2767 1595 2956 1691 Apo·

830 1721 1145 1793 stolieam
1211 1716 1466 1793 Sedem
1545 1720 1920 1810 allegatum
1987 1717 2410 1792 solemnibus
2474 1718 2951 1793 saecularibus

829 1834 957 1911 SS.
1019 1836 1516 1934 Apostolorum
1573 1836 1770 1911 Petri
1811 1851 1885 1910 et
1924 1834 2130 1909 Pauli
2190 1838 2494 1911 iusserat
2550 1860 2679 1911 suo
2734 1842 2955 1911 nomi-

827 1962 920 2036 ne
975 1982 1052 2033 ac
1107 1961 1264 2033 vice
1320 1961 1693 2044 interesse,
1738 1968 1818 2032 ut
1855 1954 2071 2031 Nobis
2127 1952 2569 2052 Nostraeque
2628 1960 2768 2031 iam
2804 1964 2955 2033 me-

827 2092 1145 2154 moratae
1217 2078 1756 2174 Congregationi
1834 2078 2313 2172 significaret,
2392 2100 2467 2152 se
2544 2081 2954 2154 obedienter

827 2199 1288 2297 alacriterque
1325 2214 1795 2294 excepturum
1830 2198 2161 2293 quidquid
2201 2221 2328 2292 pro
2364 2194 2785 2274 Chaldaicae
2816 2199 2955 2274 Ec·-

829 2324 1090 2396 clesiae
1145 2324 1330 2397 bono
1385 2317 1602 2394 Nobis
1659 2321 2240 2393 constituendum
2300 2322 2708 2394 videretur=
2766 2325 2962 2417 qued

829 2444 922 2517 ab
973 2444 1214 2517 eodem
1271 2438 1625 2537 Episcopo
1679 2452 1753 2515 et
1808 2443 2073 2535 scripto
2141 2452 2216 2515 et
2272 2462 2445 2515 voce
2500 2442 2763 2516 factum
2818 2456 2951 2517 est.

829 2560 1212 2659 Postquam
1260 2585 1437 2636 'vero
1492 2564 1566 2633 in
1621 2583 1813 2635 suam
1870 2561 2231 2635 civitatem
2288 2583 2367 2635 ac
2421 2564 2655 2635 sedem
2692 2559 2955 2637 Mausi-

828 2683 1120 2760 liensem
1157 2705 1282 2757 seu
1336 2679 1779 2758 Mosulanam
1846 2703 2175 2756 reversus
2214 2685 2373 2768 fuit,
2412 2684 2595 2756 datis
2635 2684 2725 2756 ad
2760 2707 2954 2760 eam·-

829 2805 992 2878 dem
1041 2798 1667 2897 congregationem
1722 2803 1979 2876 litteris
2038 2801 2261 2896 pridie
2312 2799 2671 2878 Kalendas·
2718 2803 2955 2898 Augu-

828 2926 921 2998 sti
975 2925 1360 3019 superioris
1416 2925 1589 2998 anni
1641 2937 1877 3018 aperte
1934 2925 2353 3012 declaravit,
2392 2947 2467 2998 se
2521 2927 2751 3020 quoad
2791 2949 2957 3000 cer-

829 3057 940 3120 tas
995 3048 1274 3138 regulas
1331 3046 1406 3118 in
1462 3041 1977 3141 Episcoporum
2022 3047 2379 3120 electione
2430 3048 2953 3124 constituendas

831 3167 1122 3240 minime
1175 3167 1550 3239 dissentire
1614 3187 1659 3240 a
1713 3168 2079 3239 voluntate
2148 3162 2437 3251 Nostra,
2479 3173 2709 3261 ‘quam
2765 3167 2956 3242 omni

831 3287 1294 3360 veneratione
1348 3297 1422 3358 et
1477 3285 1879 3360 ohedientia
1938 3287 2425 3379 excipiendam
2472 3287 2961 3379 profitebatur3

829 3405 1212 3502 quinimmo
1267 3417 1539 3502 optare,
1597 3420 1679 3482 ut
1733 3426 1917 3502 quae
1976 3406 2064 3478 ad
2102 3403 2545 3482 Orientalem
2600 3411 2955 3503 pertinent

831 3521 1249 3614 Ecclesiam,
1290 3537 1488 3602 recto
1533 3527 1608 3600 in
1646 3527 1973 3601 omnibus
2031 3526 2269 3601 ordine
2326 3527 2678 3614 instituto,
2737 3533 2957 3602 refor-

829 3659 1159 3736 mentur3
1210 3659 1282 3721 et
1337 3649 1429 3722 ad
1481 3649 1670 3722 hunc
1726 3647 1936 3721 finem
1996 3649 2415 3741 perspicuae
2478 3650 2693 3741 leges·
2727 3651 2953 3722 ieran-

833 3781 952 3841 t-ur
1002 3770 1094 3843 de
1144 3766 1388 3842 ordine
1409 3771 1635 3853 ritus,
1678 3769 1765 3841 dc
1804 3768 2055 3842 divino
2094 3770 2351 3854 officio,
2410 3769 2498 3842 de
2554 3777 2953 3845 sacramen-

832 3901 1062 3962 torum
1121 3889 1756 3973 administratione,
1795 3890 1881 3962 de
1920 3889 2245 3963 omnibus
2280 3891 2564 3964 demum
2618 3892 2957 3964 ecclesia-

831 4009 1031 4084 sticis
1085 4009 1400 4102 negotiis.
1458 4005 2093 4104 obsequentissimi
2160 4021 2395 4084 autem
2456 4004 2671 4084 Nobis
2732 4013 2956 4084 animi

831 4141 1316 4223 argumentum
1371 4130 1732 4216 exhibuit,
1792 4132 2168 4225 propositis
2224 4129 2289 4200 in
2352 4129 2599 4204 eadem
2650 4133 2955 4223 epistola

833 4251 1107 4346 aliquot
1163 4252 1604 4326 sacerdotum
1662 4253 1775 4326 sui
1828 4253 2007 4326 ritus
2044 4249 2475 4334 nominibus,
2516 4265 2597 4325 ut
2629 4269 2801 4345 quos
2848 4252 2957 4324 di-

833 4373 1112 4468 gniores
1149 4385 1224 4448 et
1260 4367 1621 4448 Ecclesiae
1678 4373 1893 4466 magis
1948 4372 2163 4448 utiles
2217 4371 2287 4444 in
2344 4365 2649 4446 Domino
2696 4373 2959 4464 iudica·
