3292 5275
2287 458 2438 546 139

318 604 555 685 hatas,
613 602 945 677 audacter
1000 603 1073 673 in
1128 598 1437 675 medinm
1492 600 1884 691 proferunt,
1939 600 2043 671 uti
2108 600 2440 675 indubias

316 738 443 796 aut
498 726 747 796 saltem
802 723 1010 815 plane
1064 722 1349 805 liberas,
1406 719 1790 794 corradunt
1823 742 1868 793 e
1919 722 2274 798 veteribus
2319 744 2440 799 ea-

316 866 481 918 rum
532 842 1173 939 propugnatoribus
1218 844 1706 935 captiunculas
1757 840 2154 926 historicae,
2189 847 2440 919 mutila

317 968 743 1058 scriptorum
796 963 1230 1045 testimonia,
1286 962 1675 1035 calumnias
1712 958 2044 1035 Romanis
2073 959 2438 1054 ,Pontifici-

184 1170 189 1173 ,
316 1087 451 1159 hus
506 1086 801 1168 affictas,
860 1085 1287 1177 sophismata
1342 1082 1665 1177 quaevis,
1721 1102 1954 1175 eaque.
1995 1086 2266 1171 omnia,
2321 1106 2438 1157 se·-

314 1205 565 1298 positis
598 1206 889 1291 omnino
942 1203 1175 1277 solidis
1207 1204 1674 1295 argumentis,
1713 1202 1970 1295 quibus
2005 1203 2272 1278 senties
2307 1226 2439 1281 exe

314 1330 517 1418 plosa
574 1335 769 1410 sunt,
810 1324 1405 1417 impudentissime
1458 1334 1826 1414 reget-unt,
1876 1344 1960 1397 eo
2005 1336 2450 1418 spectantes,-

314 1456 401 1515 ut
456 1444 727 1517 annuos
780 1456 1292 1526 commoveant,
1350 1461 1666 1537 suaeque
1721 1442 2040 1517 factionis
2114 1443 2436 1521 homines

312 1576 391 1637 et
446 1562 943 1657 imperitorum
981 1564 1231 1657 vulgus
1286 1565 1630 1638 adversus
1669 1574 2114 1639 communem
2159 1577 2436 1639 cetero*

314 1706 480 1759 rum
534 1684 955 1758 sententiam
1004 1684 1325 1756 incitant.
1382 1679 1541 1773 Quo
1594 1703 1768 1757 sane
1827 1683 2180 1777 inrcoepto
2231 1699 2434 1777 prae·-

314 1818 423 1877 ter
478 1804 812 1880 damnum
850 1804 1173 1877 invectae
1228 1804 1771 1898 perturbationis
1793 1859 1800 1872 .
1823 1804 2158 1889 fidelium,
2199 1816 2271 1879 et
2310 1809 2433 1881 de-

312 1936 701 2000 tractat-um
756 1927 843 1998 ad
900 1927 1107 1998 trivia
1163 1926 1734 2016 gravissimarum
1787 1926 2284 2019 quaestionum
2321 1929 2435 2001 iu·-

308 2047 704 2143 sipientiam
758 2046 1093 2120 audaciae
1147 2066 1389 2138 parem
1444 2046 1811 2139 deplorare
1843 2046 2212 2139 cogimur.
2256 2044 2430 2121 Nam

306 2170 370 2241 si
436 2168 723 2241 firmiter
776 2190 937 2240 cum
995 2169 1245 2239 ceteris
1319 2167 1682 2240 catholicis
1718 2250 1724 2256 -
1755 2178 2128 2253 tenerent,
2199 2166 2430 2243 Oecu-

310 2291 659 2362 menicam
714 2285 1077 2382 Synodum
1136 2309 1176 2360 a
1241 2284 1502 2381 Spiritu
1558 2284 1820 2361 Sancto
1903 2288 2076 2379 regi,
2140 2291 2430 2385 soloque

310 2408 469 2481 eius
506 2408 744 2482 afflatu
782 2408 1071 2481 definire
1098 2430 1181 2481 ac
1211 2428 1601 2501 proponere
1630 2430 1809 2502 quae
1849 2409 2198 2482 credenda
2238 2423 2428 2497 sunt,

311 2550 697 2623 numquam
736 2529 807 2601 in
846 2530 1151 2602 animum
1187 2528 1625 2613 inducerent,
1668 2531 1786 2602 vel
1837 2550 1922 2603 ea
1959 2529 2228 2601 definiri
2269 2552 2434 2623 pos-

311 2672 417 2732 se,
477 2651 577 2723 uti
630 2651 717 2722 de
774 2650 933 2736 fide,
992 2671 1175 2744 quae
1230 2651 1545 2724 revelata
1597 2671 1846 2724 revera
1901 2674 2036 2724 non
2091 2651 2258 2736 sint,
2303 2665 2429 2728 aut

308 2771 553 2844 obsint
605 2765 1009 2858 Ecclesiae3
1063 2770 1177 2842 vel
1238 2771 1583 2843 humanas
1667 2783 1852 2844 artes
1929 2773 2430 2865 impedimento

306 2911 471 2964 esse
510 2912 703 2982 posse
740 2887 1051 2984 Spiritus
1088 2887 1330 2963 Sancti
1370 2890 1643 2972 virtuti,
1681 2893 2058 2985 quominus
2093 2915 2206 2977 ea,
2247 2915 2428 2989 quae

306 3013 619 3084 revelata
674 3021 838 3084 sunt
900 3023 973 3082 et
1018 3007 1373 3084 Ecclesiae
1432 3011 1635 3086 utilia
1674 3058 1695 3094 ,
1754 3011 2211 3086 definiantur.
2290 3011 2429 3089 Ve-

310 3134 526 3204 titum
582 3145 769 3204 certe
850 3153 992 3204 non
1074 3132 1438 3215 ducerent,
1496 3153 1579 3204 ea
1634 3155 1770 3226 qua
1849 3133 2054 3204 decet
2132 3136 2426 3218 ratione,

306 3251 607 3346 proponi
645 3248 975 3326 Patribus
1028 3251 1500 3336 difficultate&
1542 3273 1720 3347 quas
1758 3253 1920 3326 huie
1959 3265 2084 3328 aut
2122 3253 2222 3327 illi
2262 3255 2428 3328 defl-

306 3373 559 3444 uitioni
596 3371 871 3445 obstare
908 3372 1368 3458 arbitrantur,
1401 3383 1477 3444 ut
1516 3373 1816 3446 lucidior
1853 3397 1890 3443 e
1925 3374 2426 3466 disceptatione

306 3493 581 3566 veritas
632 3504 1065 3582 emergeret3
1120 3504 1191 3564 at
1242 3514 1382 3565 uno
1438 3493 1643 3565 huius
1699 3493 1835 3565 acti
1917 3494 2175 3578 studio,
2235 3517 2427 3588 pror·
2513 3531 2516 3534 ·

306 3635 429 3688 sus
484 3611 917 3686 abstinerent
972 3614 1056 3684 ah
1110 3613 1409 3698 artihuS,
1444 3613 1694 3706 quihus
1751 3616 2018 3707 captari
2073 3614 2298 3687 solent
2350 3616 2426 3686 iu

306 3733 609 3809 comitiis
660 3735 889 3828 populi
954 3733 1273 3825 suffragia
1348 3733 1850 3830 tranquillique
1902 3745 1974 3806 et
2025 3747 2428 3808 reverentes

306 3864 761 3946 expectarent
814 3874 1154 3946 supernae
1201 3853 1687 3929 illustrationis
1741 3856 2087 3929 effectum.
2124 3851 2430 3929 Utilissi-

214 4048 227 4063 ,
304 3997 495 4049 mam
550 3975 771 4066 igitur
824 3995 1107 4068 operam
1162 3971 1522 4048 Ecclesiae
1558 3987 1631 4048 te
1671 3977 2095 4070 impendisse
2150 3980 2428 4053 censui-

304 4113 487 4178 mus,
547 4097 665 4190 qui
724 4096 1097 4189 praecipua
1134 4117 1221 4166 ex
1267 4097 1674 4170 huiusmodi
1735 4095 2005 4190 scriptis
2058 4099 2426 4172 refellenda

308 4215 716 4309 suscepisti,
756 4225 1135 4309 eorumque
1190 4215 1645 4300 simultatem,
1688 4216 2094 4290 violentiam
2133 4231 2206 4292 et
2239 4231 2424 4292 artes

304 4355 391 4410 ea
448 4325 799 4410 soliditate
860 4335 1370 4420 demonstrasti,
1426 4357 1513 4410 eo
1567 4334 1822 4428 nitore,
1879 4361 1961 4412 ea
2017 4359 2254 4413 sacrae
2309 4360 2426 4413 ar-
