3292 5275
2254 504 2413 588 295

298 633 806 741 omnibusquffi'
849 665 1032 740 quae
1089 667 1128 719 a
1185 646 1386 718 dictis
1439 639 1891 720 Praesulibus
1952 647 2169 720 relata
2224 658 2412 733 sunt,

299 767 542 840 sedulo
601 777 1010 860 attenteque
1065 769 1456 860 perpensiS‚
1499 781 1869 862 postquam
1924 769 2413 860 perspeximus

295 909 333 958 e
389 904 466 960 re
546 881 907 960 Catholica
985 909 1428 981 summopere
1505 890 1655 963 fore
1686 939 1707 974 ,
1764 889 1825 959 si
1889 891 1963 960 in
2026 900 2413 962 memorata

293 1010 576 1102 regione
614 1002 1003 1082 vicariatus
1044 1007 1493 1102 Apostolicus
1549 1011 2121 1094 constitueretur,
2159 1011 2247 1082 de
2288 1032 2417 1083 eo·-

293 1129 604 1202 rumdem
659 1123 1185 1204 venerabilium
1240 1126 1562 1204 Fratrum
1609 1126 2027 1206 Nostrorum
2084 1131 2413 1218 consilio,

291 1251 490 1334 haee,
546 1269 721 1345 quae
778 1252 957 1324 infra
1015 1263 1182 1325 sunt
1235 1251 1695 1326 decrevimus.
1738 1249 1821 1324 In
1862 1256 2133 1346 perlata
2188 1253 2416 1343 regio-⁴

296 1387 416 1455 ne,
473 1373 560 1444 de
615 1391 750 1466 qua
806 1373 1043 1444 habita
1100 1393 1311 1464 super
1363 1365 1628 1444 mentio
1684 1383 1819 1458 est,
1880 1369 2417 1444 Ecclesiasticae

291 1487 708 1566 Provinciae
749 1487 1172 1568 Torontinae
1213 1489 1640 1565 vicariatum
1682 1489 2191 1585 Apostolicum‚
2222 1492 2415 1566 hisce

293 1611 576 1686 Litteris
631 1612 1032 1706 Apostolica
1085 1609 1342 1686 Nostra
1398 1611 1839 1694 Auctoritate
1870 1661 1895 1698 ‚
1950 1613 2279 1703 erigimus
2342 1623 2417 1686 ct

293 1735 819 1819 constituimus,
851 1737 968 1829 qui
1026 1737 1379 1807 seiunctus
1435 1756 1576 1808 non
1632 1734 1722 1808 sit
1759 1736 1850 1807 ab
1914 1731 2413 1808 Ecclesiastioa

293 1849 676 1928 Provincia
707 1849 1120 1942 Torontina‚
1149 1865 1222 1928 et
1257 1849 1651 1927 Vicaaurus
1686 1849 2087 1927 Cannensis
2126 1850 2417 1928 Ser-ran·

294 1998 630 2050 moinus
661 1975 1072 2050 nominetur.
1115 1972 1334 2050 Porro
1368 1974 1751 2069 Apostolici
1789 1974 1989 2048 istius
2031 1971 2419 2048 Vicat-intus

293 2095 554 2170 limites
608 2097 679 2167 hi
745 2108 934 2170 sunt.
967 2093 1082 2169 Ex
1121 2093 1568 2170 Meridionali
1605 2107 1810 2189 parte
1849 2097 1937 2168 ab
1978 2097 2248 2186 origine
2285 2095 2420 2168 flu-

293 2216 506 2290 minis
545 2213 955 2302 Muskokae,
994 2217 1183 2312 quod
1222 2213 1699 2308 Georgianum
1754 2219 1986 2289 sinum
2029 2217 2288 2300 influit,
2328 2216 2416 2288 ad

297 2338 552 2412 ostium
590 2361 812 2433 usque
849 2339 1158 2413 eiusdem
1199 2337 1533 2423 fluminis,
1565 2337 1725 2408 inde
1763 2358 1891 2430 per
1929 2338 2159 2409 sinum
2196 2333 2419 2411 Geor-

295 2457 610 2548 gianum,
669 2461 896 2532 lacum
952 2454 1430 2532 Huronensem
1485 2468 1556 2528 et
1611 2457 2097 2551 superiorem)
2154 2459 2254 2530 ita
2308 2469 2420 2532 ta·

293 2599 450 2651 men
505 2589 586 2654 ut
622 2579 896 2655 insulae
946 2600 1185 2652 omnes
1223 2598 1404 2673 quae
1442 2577 1528 2653 ad
1569 2573 2139 2673 Septentrionem
2187 2580 2418 2652 iacent

295 2700 527 2775 lineae
604 2701 692 2773 ab
765 2684 946 2775 ostio
1022 2702 1184 2774 inde
1257 2696 1646 2773 Muskokae
1732 2722 1955 2795 usque
2029 2700 2118 2771 ad
2194 2702 2418 2773 lacum

307 2814 876 2903 Cabots-Heade,
914 2822 1038 2917 qui
1075 2820 1482 2894 nominatur
1510 2841 1537 2907 3
1575 2819 1741 2893 inde
1796 2840 1967 2893 vero
2003 2841 2251 2893 versus
2281 2816 2423 2893 Oc-

299 2943 646 3015 cidentem
707 2944 794 3016 ad
865 2939 1289 3015 Provinciae
1342 2942 1518 3015 fines
1555 2940 1747 3013 civili
1804 2942 2223 3016 auctoritate
2279 2951 2423 3015 sta-

301 3073 496 3136 tutos
552 3066 734 3135 intra
787 3064 1166 3149 dictionem
1221 3064 1387 3136 novi
1443 3056 1835 3135 vicariatus
1890 3064 2415 3146 contineantur,

303 3184 588 3256 tandem
643 3206 868 3278 usqne
924 3184 1012 3256 ad
1067 3184 1242 3255 fines
1298 3178 1655 3255 Dioecesis
1708 3176 1780 3252 S.
1838 3178 2210 3270 Boniiacii,
2264 3182 2422 3275 qui-

297 3304 432 3377 bus
487 3325 718 3378 novus
771 3307 906 3378 iste
960 3299 1358 3375 vicariatus
1413 3304 1502 3374 ad
1557 3298 2023 3375 Occidentem
2080 3305 2421 3375 termine-

312 3435 452 3497 tur.
497 3421 606 3497 Ad
653 3421 1012 3498 Orientem
1071 3445 1244 3498 vero
1295 3433 1369 3494 et
1423 3420 1983 3516 Septentrionem
2058 3444 2275 3517 usque
2330 3422 2419 3494 ad

297 3546 748 3619 altitudinem
827 3558 1049 3619 terrae
1081 3592 1102 3630 ‚
1135 3582 1144 3601 ·
1177 3567 1267 3619 ex
1346 3568 1486 3640 qua
1547 3545 1767 3618 ceteri
1842 3565 2081 3617 amnes
2158 3544 2417 3617 flumen

311 3692 348 3739 α
391 3657 680 3741 Ottawa
723 3690 757 3737 ι)
813 3662 1701 3760 lacumqneHuronensem
1737 3676 1811 3739 et
1836 3661 2285 3758 Superiorem
2324 3666 2423 3735 in·

296 3788 556 3860 fluunt.
614 3783 1092 3861 Decernentes
1147 3798 1552 3881 praesentes
1599 3782 1889 3858 Nostras
1936 3782 2237 3857 Litteras
2292 3786 2421 3858 fir-

299 3931 483 3994 ma&
538 3910 812 3982 validas
865 3921 938 3982 et
991 3912 1303 3981 efficaces
1359 3909 1666 3981 existere
1732 3927 1813 3978 ac
1876 3905 2050 3990 fore,
2112 3927 2417 3999 suosque

305 4032 666 4125 plenarios
721 4046 790 4102 et
847 4031 1156 4122 integros
1211 4030 1503 4103 effectus
1559 4028 1795 4103 sortiri
1842 4041 1915 4098 et
1954 4028 2297 4109 obtinere,
2338 4050 2420 4103 ac

301 4150 442 4222 iilis
501 4152 590 4223 ad
643 4172 816 4243 quos
874 4162 1146 4244 spectat
1201 4152 1275 4221 in
1331 4150 1785 4233 omnibuS,et
1824 4170 1951 4241 per
1998 4148 2231 4221 omnia
2273 4150 2423 4243 ple-

301 4270 600 4345 'nissime
657 4274 1074 4366 suffragari3
1129 4273 1364 4365 sicque
1419 4272 1492 4342 in
1550 4272 1951 4368 praemissis
2014 4290 2141 4363 per
2204 4294 2423 4366 quos·-

297 4418 608 4490 cumque
665 4394 940 4470 ludices
995 4398 1416 4491 ordinari08‚
1467 4408 1540 4472 et
1593 4398 1951 4489 delegatos
2006 4396 2223 4469 etiam
2259 4417 2421 4469 cau-
