3292 5275
770 443 927 526 382

770 577 1051 643 Litterae
1094 576 1507 660 Apostolicae
1556 579 1679 644 sub
1728 579 1974 642 annulo
2013 578 2362 644 Piscatoris
2402 614 2432 627 ·
2485 577 2732 646 Summi

844 669 1236 754 Apostolum
1270 691 1502 737 munus
1526 705 1555 720 -
1596 672 1700 736 die
1739 667 1820 738 26
1859 674 2248 738 novembris.
2295 671 2484 739 Nova
2528 671 2724 738 Sedes

846 762 1249 848 Episcopalis
1266 764 1734 832 Dunedinensis
1761 766 1826 830 in
1847 764 2034 832 Nova
2047 764 2350 832 zelandia
2372 769 2666 850 erigitur.
2693 790 2730 828 s

764 949 1075 1018 Similes·
1104 949 1489 1034 Multiplices
1525 950 1695 1017 inter
1719 985 1750 1000 ·
1785 952 1888 1017 die
1928 951 2009 1018 27
2049 956 2436 1020 novembris.
2483 953 2581 1018 De
2623 973 2732 1020 or-

844 1045 990 1113 dine
1031 1046 1318 1128 generali
1356 1046 1674 1112 servando
1703 1046 1772 1110 in
1795 1043 2236 1114 Oecumenico
2278 1047 2569 1116 Concilio
2595 1046 2729 1112 Va-

844 1143 1079 1206 ticani).
1208 1184 1227 1202 .
2321 1187 2336 1204 .
2505 1187 2522 1204 .
2691 1164 2728 1203 ι

1002 1231 1054 1296 1.
1098 1230 1191 1298 De
1230 1234 1409 1298 modo
1446 1231 1703 1296 vivendi
1736 1231 1809 1298 in
1849 1185 2339 1300 Concilio..
2509 1280 2524 1295 .
2697 1256 2730 1296 n

1003 1324 1083 1392 11.
1126 1325 1219 1390 De
1257 1323 1399 1390 iure
1440 1335 1499 1390 et
1536 1327 1716 1390 modo
1749 1326 2340 1410 proponendi..
2507 1373 2522 1389 .
2693 1350 2727 1390 s

1004 1417 1115 1483 lll.
1160 1417 1252 1484 De
1292 1428 1519 1484 secreto
1568 1421 1875 1484 remando
1915 1419 1988 1484 in
2038 1418 2344 1486 Concilio.
2511 1468 2528 1484 .
2695 1444 2730 1482 n

1002 1511 1253 1576 1V.D0
1292 1511 1515 1578 ordine
1552 1511 1804 1576 sedendi
1829 1523 1886 1576 et
1925 1515 1997 1576 de
2023 1534 2152 1580 non
2180 1512 2504 1596 instrendo
2529 1515 2729 1580 alicui

1071 1604 1597 1688 praeiudicio..
1769 1651 1784 1668 .
1955 1651 1972 1668 .
2511 1654 2528 1670 .
2695 1631 2729 1668 s

1000 1697 1081 1764 V.
1126 1699 1219 1764 De
1245 1697 1561 1764 iudicibus
1586 1696 2062 1764 excusationum
2087 1709 2144 1764 et
2169 1703 2730 1784 querelarum.»

1000 1791 1113 1858 vl.
1158 1791 1251 1859 De
1298 1791 1683 1876 officialibus
1732 1791 2026 1858 Cone-ilii.
2141 1840 2156 1857 .
2693 1818 2729 1854 n

1000 1884 1145 1951 vll.
1188 1885 1279 1950 De
1309 1884 1911 1968 Conqreqalionibus
1937 1885 2348 1954 Generalibus
2371 1887 2728 1954 Patriam.»

997 1978 1175 2045 Vlll.
1219 1979 1311 2044 De
1356 1977 1750 2046 sessionibus
1780 1979 2155 2061 publicis..
2321 2028 2338 2044 .
2507 2027 2524 2046 .
2691 2005 2726 2044 ι»

998 2074 1113 2142 lx.
1158 2073 1251 2140 De
1290 2094 1421 2140 non
1460 2071 1827 2138 discedendo
1867 2096 1908 2139 a
1957 2073 2263 2142 Concilio.
2317 2122 2336 2140 .
2510 2123 2527 2139 .
2693 2099 2727 2138 n

996 2167 1081 2234 X.
1124 2165 1453 2233 Indultum
1490 2165 1913 2250 Apostolicum
1951 2169 2024 2230 dc
2063 2189 2192 2234 non
2232 2167 2570 2236 residentia
2607 2188 2726 2252 pro

1076 2259 1185 2338 iis,
1225 2259 1341 2344 qui
1390 2258 1672 2328 Concilio
1712 2258 2050 2326 intersunt.
2133 2309 2148 2324 .
2317 2309 2334 2324 .
2503 2309 2518 2325 .
2686 2285 2722 2324 n

755 2450 1091 2518 Allocutio
1132 2448 1353 2515 habita
1394 2449 1459 2514 in
1508 2447 2020 2532 congregatione
2066 2447 2376 2516 Generali
2403 2459 2554 2518 ante
2583 2451 2717 2534 pri-

834 2565 1003 2614 mam
1068 2541 1426 2609 sessionem
1482 2541 1756 2610 Concilii
1820 2541 2114 2608 Vaticani
2190 2545 2294 2608 die
2361 2542 2404 2610 2
2468 2546 2721 2610 decem·

835 2643 969 2707 bris
1006 2635 1167 2705 1868
1194 2637 1273 2702 ad
1306 2633 1660 2723 Episcopos
1687 2635 2007 2703 Catholici
2035 2637 2252 2719 Orbis,
2296 2641 2410 2721 qui
2441 2640 2518 2723 ad
2551 2637 2714 2705 Con-

831 2736 1055 2799 cilium
1084 2730 1355 2796 Romam
1394 2740 1895 2795 convenerunt«
1926 2729 2118 2796 Sacri
2155 2729 2553 2797 oecumenici
2603 2730 2723 2797 Va·-

828 2826 1033 2893 ticani
1078 2822 1351 2893 Concilii
1374 2846 1409 2883 n
1438 2822 1766 2906 Ingentem
1806 2825 2002 2889 animi
2054 2823 2368 2889 laetitiam
2409 2826 2717 2907 exprimit

830 2938 980 2986 cum
1010 2926 1253 2985 tantam
1280 2916 1766 2982 Venerabilium
1793 2914 2096 2982 Fratrum
2140 2917 2568 2999 frequentiam
2599 2920 2724 2983 cir-

830 3014 1233 3097 cumspiciat,
1280 3030 1521 3093 eosque
1570 3011 1990 3091 adhortatur,
2033 3020 2108 3075 ut
2153 3010 2610 3076 firmitudinem
2653 3021 2720 3078 et

830 3108 1252 3172 constantiam
1317 3123 1465 3170 cum
1516 3106 1748 3169 mentis
1805 3104 2136 3169 docilitate
2205 3106 2594 3188 coniungant
2642 3106 2724 3169 ad

830 3202 1365 3267 contradictiones
1395 3217 1472 3263 ac
1512 3199 1952 3263 dimicationes
1991 3198 2383 3277 subeundas,
2411 3218 2580 3281 quae
2603 3200 2720 3265 ini-

830 3297 1037 3361 micus
1082 3294 1274 3357 homo
1322 3300 1497 3357 certe
1545 3294 1954 3385 excitarerit.
2123 3336 2142 3355 .
2311 3338 2326 3353 .
2495 3336 2510 3355 .
2681 3314 2715 3355 n

752 3482 1139 3551 Constitutio
1180 3482 1259 3545 de
1300 3480 1615 3547 electione
1660 3478 1904 3545 Summi
1946 3476 2272 3545 Pontificis
2321 3478 2714 3563 perdurante

830 3574 1124 3641 Concilio
1163 3572 1599 3640 oecumenico
1630 3594 1662 3633 α
1705 3574 1860 3641 Cum
1903 3572 2208 3643 Romanis
2250 3572 2662 3657 Pontificibus
2683 3597 2718 3635 ι»

2809 765 2890 834 79

2785 2259 2878 2328 {³³
2805 1605 2888 2144 &ffisaeffiffi
2805 1139 2892 1487 2335ae

2794 3290 2876 3360 9⁷

830 3668 1035 3751 pridie
1078 3686 1277 3734 nonas
1318 3667 1673 3732 decembris
1759 3712 1776 3729 .
1943 3712 1958 3729 .
2129 3710 2146 3729 .
2311 3710 2329 3729 .
2497 3710 2512 3729 .
2683 3689 2716 3728 n
2757 3662 2879 3735 102

750 3853 1087 3923 Allocutio
1135 3856 1354 3922 habita
1403 3856 1471 3920 in
1520 3850 1835 3919 Vaticana
1863 3848 2142 3919 Basilica
2191 3870 2375 3919 sacro
2397 3850 2717 3921 oecume-

827 3952 974 4015 nico
1016 3948 1309 4017 Concilio
1336 3948 1695 4015 inchoando
1718 3949 1820 4012 die
1849 3946 2002 4013 vlu
2032 3950 2171 4013 dec.
2201 3946 2712 4015 MDCCCLXIX

831 4044 909 4107 ad
951 4040 1305 4127 Episcopos
1367 4040 1688 4108 Catholici
1749 4040 1942 4107 Orbis
2011 4043 2075 4105 in
2129 4042 2300 4106 idem
2353 4038 2717 4109 Concilium

828 4143 1251 4221 congregatos
1269 4156 1302 4195 α
1336 4133 1521 4213 Quod
1549 4134 1710 4199 votis
1729 4132 2012 4199 omuibus
2035 4156 2070 4195 ι»
2091 4133 2492 4199 Miseri-imae
2521 4134 2714 4201 huius

830 4230 1060 4297 aetatis
1088 4247 1367 4311 errores,
1404 4228 1686 4312 fraudes,
1715 4238 1912 4311 atque
1949 4226 2188 4315 flagitia
2218 4228 2500 4315 undique
2539 4248 2717 4313 gras—

825 4324 1043 4409 santia,
1082 4324 1366 4393 breviter
1405 4340 1790 4393 enumerans
1838 4318 2109 4395 concilii
2150 4342 2420 4413 scopum
2469 4324 2714 4397 utilita-

3039 3220 3115 3275 ἦ
