3292 5275
847 614 1197 667 sacrarum
1238 614 1472 666 rernm
1509 594 1767 665 limites
1825 591 2352 687 praetergressi,
2393 612 2521 685 per
2558 612 2676 663 eas
2714 610 2974 663 omnes

846 716 1178 799 rationes,
1203 735 1376 808 quae
1415 713 1610 788 vohis
1647 736 1691 787 a
1733 714 2061 807 publicae
2100 714 2202 785 rei
2242 712 2743 787 constitutione
2780 733 2983 785 con-

849 837 1216 919 ceduntur,
1273 836 1709 933 praepotenti
1764 855 2045 931 quoque
2100 834 2305 909 libito
2362 833 2833 915 obsisteretis,
2890 844 2981 905 et

849 953 1104 1047 iniquis
1160 954 1436 1045 legibus
1493 955 1749 1048 passim
1808 956 1880 1026 in
1936 954 2257 1027 eamdem
2310 950 2703 1029 Ecclesiam
2766 951 2975 1026 latis,

851 1070 943 1146 Et
997 1094 1164 1146 sane
1219 1074 1380 1146 dum
1437 1076 1596 1149 iura
1682 1072 1912 1149 omnia
1986 1075 2512 1149 ecclesiasticae
2598 1076 2981 1165 potestatis

852 1197 1287 1270 invaduntur
1325 1194 1608 1267 libertas
1645 1196 2137 1288 comprimitur
2177 1194 2483 1267 exercitii
2526 1194 2707 1267 sacri
2747 1196 2985 1267 mini-

851 1316 1072 1399 sterii,
1135 1316 1502 1387 sacerdotii
1557 1336 1636 1387 os
1693 1314 2129 1388 obstruitur:
2190 1314 2323 1385 nisi
2386 1314 2772 1387 catholicus
2840 1336 2985 1407 po-

854 1437 1056 1527 pulus
1114 1437 1393 1529 proprio
1453 1436 1600 1505 iure
1660 1437 1879 1507 fretus
1916 1436 2006 1507 ad
2064 1435 2393 1509 tuendam
2434 1456 2635 1507 suam
2690 1434 2985 1525 religio—

854 1576 1012 1627 nem
1071 1566 1358 1649 exurgat
1383 1578 1408 1643 ;
1465 1576 1673 1635 nemo
1714 1555 1845 1625 iam
1886 1556 2021 1627 erit
2074 1554 2196 1649 qui
2244 1557 2433 1627 iuxta
2490 1557 2676 1647 leges
2732 1558 2983 1629 effica-

857 1675 1028 1746 citer
1083 1678 1685 1768 oppugnatoribus
1743 1675 1898 1747 eius
1956 1674 2271 1749 resistere
2330 1676 2555 1767 possit
2610 1674 2984 1769 ipsamque

859 1796 1222 1869 vindicare
1277 1797 1364 1867 ab
1419 1817 1656 1867 eorum
1714 1794 2027 1869 arbitrio.
2088 1792 2475 1869 Teterrima
2532 1807 2725 1869 certe
2800 1795 2985 1869 haec

857 1936 1098 1988 rerum
1155 1906 1480 1989 conditio
1523 1918 1697 1989 satis
1736 1938 1889 1989 esse
1946 1939 2071 2011 per
2128 1938 2203 1989 se
2258 1916 2543 1988 deberet
2584 1917 2671 1989 ad
2726 1918 2991 2009 explo-

771 2030 778 2037 ’
857 2036 1164 2109 dendum
1220 2038 1564 2109 nefarium
1619 2037 1794 2111 illud
1838 2050 2336 2121 commentum,
2380 2038 2584 2110 toties
2636 2040 2989 2111 reiectum

859 2168 933 2229 et
985 2157 1410 2241 damnatum,
1467 2160 1657 2251 quod
1720 2160 1945 2231 omnis
2028 2152 2203 2231 iuris
2289 2162 2553 2231 fontem
2641 2160 2715 2230 in
2798 2159 2991 2231 laica

863 2280 1278 2351 auctoritate
1316 2278 1715 2363 constituit,
1762 2278 1959 2353 cuius
2016 2292 2387 2373 propterea
2428 2277 2989 2371 omnipotentiae

861 2396 1085 2491 ipsam
1138 2397 1422 2475 subiicit
1477 2395 1917 2489 Ecclesiam;
1974 2400 2137 2474 dum
2194 2398 2604 2475 christianis
2660 2400 2989 2473 omnihus

726 2610 728 2613 y
861 2529 974 2591 est
1025 2520 1488 2611 exploratum,
1543 2515 1906 2592 Christum
1961 2516 2335 2592 Dominum
2396 2521 2532 2611 ipsi
2600 2522 2991 2593 contulisse
3074 2544 3091 2563 ·

864 2653 1280 2734 potestatem
1363 2641 1492 2712 sihi
1549 2641 1782 2712 datam
1844 2642 1915 2712 in
1972 2642 2164 2714 caelo
2220 2654 2293 2714 et
2360 2643 2432 2713 in
2498 2652 2716 2725 terra,
2774 2645 2991 2736 eique

863 2760 1120 2833 idcirco
1174 2761 1663 2846 demandasse,
1722 2773 1804 2834 ut
1860 2762 2142 2834 doceret
2208 2783 2453 2837 omnes
2523 2773 2792 2854 genteS,
2850 2783 2993 2860 qua

865 2883 1018 2958 late
1076 2895 1263 2974 patet
1297 2883 1521 2968 orbis,
1555 2884 1981 2958 inconsultis
2016 2885 2225 2978 plane
2276 2897 2491 2980 atque
2532 2883 2741 2958 etism
2780 2881 2998 2958 obni-

866 3005 1172 3080 tentibus
1227 3025 1470 3078 earum
1525 3004 1989 3098 principibus,
2026 3017 2239 3100 atque
2294 3027 2413 3078 eos
2450 3005 2995 3091 condemnasse,

869 3124 1146 3219 regibus
1205 3145 1344 3198 non
1395 3123 1715 3218 exceptis
1766 3126 1889 3218 qui
1972 3125 2201 3220 ipsam
2262 3127 2515 3202 audire
2572 3126 2783 3220 eique
2838 3146 2999 3198 cre-

871 3244 1038 3318 dere
1099 3247 1510 3322 noluissent.
1579 3241 1803 3334 Quem
1882 3245 2167 3339 quidem
2244 3246 2597 3320 exitialem
2683 3267 2999 3320 errorem

869 3390 1013 3442 non
1067 3388 1114 3438 a
1169 3367 1336 3440 solis
1403 3367 1608 3440 hodie
1676 3367 2102 3460 propugnari
2164 3367 2607 3442 heterodoxis
2680 3366 3003 3440 dolentes

871 3487 1224 3574 eudimus,
1281 3489 1404 3560 sed
1445 3509 1484 3560 a
1525 3488 1891 3560 nonnullis
1944 3509 2225 3582 quoque
2262 3487 2481 3581 recipi
2520 3509 2560 3562 e
2600 3488 3000 3560 catholicis,

875 3607 1017 3684 Vos
1057 3608 1326 3704 itaque,
1352 3607 1480 3702 qui
1512 3606 1581 3678 in
1619 3619 1811 3680 tanta
1850 3630 2085 3684 rerum
2118 3606 2428 3682 omnium
2472 3609 3002 3701 perturbatione

877 3729 1222 3804 vocamini
1279 3752 1317 3800 a
1373 3729 1618 3802 divina
1698 3729 2141 3823 providentia
2196 3730 2283 3800 ad
2342 3725 2693 3802 Ecclesiae
2748 3727 3005 3800 catho-

877 3853 1194 3946 licaeque
1237 3847 1592 3940 religionis
1636 3851 1931 3922 tutelam
1961 3848 2029 3920 in
2074 3849 2413 3923 auxilium
2442 3847 2755 3942 oppressi
2785 3843 3007 3936 Cleri,

883 3984 1114 4068 partes
1153 3979 1343 4044 certe
1381 3969 1584 4044 vohis
1621 3969 1925 4044 creditas
1964 3990 2105 4043 non
2144 3967 2519 4056 exceditis,
2544 3967 2632 4048 si,
2672 3989 2758 4040 eo
2796 3967 3005 4056 duce.

881 4097 956 4168 in
997 4095 1226 4188 prima
1273 4092 1450 4164 aciei
1503 4094 1735 4164 fronte
1794 4092 2117 4183 pugnetis
2148 4112 2173 4178 ;
2208 4092 2349 4162 imo
2387 4089 2517 4183 ipsi
2556 4089 3007 4182 compedibus

885 4214 1228 4306 impedito
1269 4213 1584 4288 debitum
1621 4233 1867 4306 reapse
1909 4211 2249 4285 exhibetis
2288 4209 2699 4302 obsequium
2726 4220 2803 4280 et
2830 4209 3009 4282 filia-

883 4335 1022 4410 lem
1061 4354 1288 4428 opem.
1331 4329 1470 4407 Per
1507 4335 1697 4408 hanc
1748 4354 1921 4408 vero
1958 4351 2261 4426 pugnam
2300 4351 2441 4402 non
2480 4331 2601 4400 uni
2644 4327 3005 4425 religiosae
