<?xml version="1.0" encoding="UTF-8"?>
<!DOCTYPE html PUBLIC "-//W3C//DTD XHTML 1.0 Transitional//EN"
    "http://www.w3.org/TR/xhtml1/DTD/xhtml1-transitional.dtd">
<html xmlns="http://www.w3.org/1999/xhtml" xml:lang="en" lang="en">
 <head>
  <title>
</title>
<meta http-equiv="Content-Type" content="text/html;charset=utf-8" />
  <meta name='ocr-system' content='tesseract 3.04.00' />
  <meta name='ocr-capabilities' content='ocr_page ocr_carea ocr_par ocr_line ocrx_word'/>
</head>
<body>
  <div class='ocr_page' id='page_1' title='image "./piiixpontificis01ixgoog_0048.png"; bbox 0 0 3292 5275; ppageno 0'>
   <div class='ocr_carea' id='block_1_1' title="bbox 895 512 998 593">
    <p class='ocr_par' dir='ltr' id='par_1_1' title="bbox 895 512 998 593">
     <span class='ocr_line' id='line_1_1' title="bbox 895 512 998 593; baseline 0 0"><span class='ocrx_word' id='word_1_1' title='bbox 895 512 998 593; x_wconf 70' lang='lat' dir='ltr'><strong>to</strong></span> 
     </span>
    </p>
   </div>
   <div class='ocr_carea' id='block_1_2' title="bbox 891 647 3016 4485">
    <p class='ocr_par' dir='ltr' id='par_1_2' title="bbox 891 647 3000 2413">
     <span class='ocr_line' id='line_1_2' title="bbox 895 647 2991 747; baseline -0.002 -20"><span class='ocrx_word' id='word_1_2' title='bbox 895 654 1430 747; x_wconf 85' lang='lat' dir='ltr'><strong>tinopolitanam</strong></span> <span class='ocrx_word' id='word_1_3' title='bbox 1484 647 1972 727; x_wconf 78' lang='lat' dir='ltr'><strong>Armeniorum</strong></span> <span class='ocrx_word' id='word_1_4' title='bbox 2008 650 2447 743; x_wconf 82' lang='lat' dir='ltr'><strong>provinciam</strong></span> <span class='ocrx_word' id='word_1_5' title='bbox 2481 650 2991 742; x_wconf 83' lang='lat' dir='ltr'><strong>patriarchatui</strong></span> 
     </span>
     <span class='ocr_line' id='line_1_3' title="bbox 892 768 2993 862; baseline -0.001 -16"><span class='ocrx_word' id='word_1_6' title='bbox 892 768 1178 846; x_wconf 80' lang='lat' dir='ltr'><strong>Ciliciae</strong></span> <span class='ocrx_word' id='word_1_7' title='bbox 1251 774 1859 862; x_wconf 78' lang='lat' dir='ltr'><strong>coniungeremus,</strong></span> <span class='ocrx_word' id='word_1_8' title='bbox 1914 770 2225 845; x_wconf 88' lang='lat' dir='ltr'><strong>oblatam</strong></span> <span class='ocrx_word' id='word_1_9' title='bbox 2295 770 2474 841; x_wconf 87' lang='lat' dir='ltr'><strong>hanc</strong></span> <span class='ocrx_word' id='word_1_10' title='bbox 2551 770 2993 843; x_wconf 77' lang='lat' dir='ltr'><strong>occasionem</strong></span> 
     </span>
     <span class='ocr_line' id='line_1_4' title="bbox 891 887 2995 985; baseline -0.001 -22"><span class='ocrx_word' id='word_1_11' title='bbox 891 892 1188 965; x_wconf 81' lang='lat' dir='ltr'><strong>libenter</strong></span> <span class='ocrx_word' id='word_1_12' title='bbox 1241 892 1772 985; x_wconf 79' lang='lat' dir='ltr'><strong>arripuerimus,</strong></span> <span class='ocrx_word' id='word_1_13' title='bbox 1828 900 1906 961; x_wconf 90' lang='lat' dir='ltr'><strong>ut</strong></span> <span class='ocrx_word' id='word_1_14' title='bbox 1960 890 2335 983; x_wconf 82' lang='lat' dir='ltr'><strong>praecipua</strong></span> <span class='ocrx_word' id='word_1_15' title='bbox 2385 887 2727 981; x_wconf 86' lang='lat' dir='ltr'><strong>quaedam</strong></span> <span class='ocrx_word' id='word_1_16' title='bbox 2780 887 2995 965; x_wconf 87' lang='lat' dir='ltr'><strong>disci-</strong></span> 
     </span>
     <span class='ocr_line' id='line_1_5' title="bbox 895 1005 2993 1105; baseline -0.002 -18"><span class='ocrx_word' id='word_1_17' title='bbox 895 1014 1129 1105; x_wconf 88' lang='lat' dir='ltr'><strong>plinae</strong></span> <span class='ocrx_word' id='word_1_18' title='bbox 1182 1014 1445 1105; x_wconf 88' lang='lat' dir='ltr'><strong>capita,</strong></span> <span class='ocrx_word' id='word_1_19' title='bbox 1483 1012 1899 1105; x_wconf 85' lang='lat' dir='ltr'><strong>praesertim</strong></span> <span class='ocrx_word' id='word_1_20' title='bbox 1934 1008 2021 1083; x_wconf 90' lang='lat' dir='ltr'><strong>de</strong></span> <span class='ocrx_word' id='word_1_21' title='bbox 2056 1005 2565 1102; x_wconf 85' lang='lat' dir='ltr'><strong>Episcoporum</strong></span> <span class='ocrx_word' id='word_1_22' title='bbox 2616 1011 2993 1095; x_wconf 84' lang='lat' dir='ltr'><strong>electione,</strong></span> 
     </span>
     <span class='ocr_line' id='line_1_6' title="bbox 895 1128 2997 1225; baseline -0.001 -18"><span class='ocrx_word' id='word_1_23' title='bbox 895 1134 972 1207; x_wconf 86' lang='lat' dir='ltr'><strong>iu</strong></span> <span class='ocrx_word' id='word_1_24' title='bbox 995 1144 1380 1207; x_wconf 87' lang='lat' dir='ltr'><strong>memorato</strong></span> <span class='ocrx_word' id='word_1_25' title='bbox 1409 1128 1893 1206; x_wconf 89' lang='lat' dir='ltr'><strong>Patriarcbatu</strong></span> <span class='ocrx_word' id='word_1_26' title='bbox 1930 1143 2263 1225; x_wconf 88' lang='lat' dir='ltr'><strong>perpetuo</strong></span> <span class='ocrx_word' id='word_1_27' title='bbox 2302 1130 2649 1203; x_wconf 85' lang='lat' dir='ltr'><strong>servanda</strong></span> <span class='ocrx_word' id='word_1_28' title='bbox 2688 1132 2997 1206; x_wconf 74' lang='lat' dir='ltr'><strong>sancire-</strong></span> 
     </span>
     <span class='ocr_line' id='line_1_7' title="bbox 893 1247 2997 1347; baseline -0.001 -21"><span class='ocrx_word' id='word_1_29' title='bbox 893 1274 1044 1327; x_wconf 87' lang='lat' dir='ltr'><strong>mus</strong></span> <span class='ocrx_word' id='word_1_30' title='bbox 1071 1250 1473 1347; x_wconf 87' lang='lat' dir='ltr'><strong>Apostolica</strong></span> <span class='ocrx_word' id='word_1_31' title='bbox 1507 1247 1761 1326; x_wconf 88' lang='lat' dir='ltr'><strong>Nostra</strong></span> <span class='ocrx_word' id='word_1_32' title='bbox 1794 1248 2339 1338; x_wconf 81' lang='lat' dir='ltr'><strong>Constitutione,</strong></span> <span class='ocrx_word' id='word_1_33' title='bbox 2364 1252 2563 1323; x_wconf 88' lang='lat' dir='ltr'><strong>cuius</strong></span> <span class='ocrx_word' id='word_1_34' title='bbox 2590 1248 2861 1323; x_wconf 89' lang='lat' dir='ltr'><strong>initium</strong></span> <span class='ocrx_word' id='word_1_35' title='bbox 2884 1264 2997 1325; x_wconf 84' lang='lat' dir='ltr'><strong>est</strong></span> 
     </span>
     <span class='ocr_line' id='line_1_8' title="bbox 895 1366 2989 1449; baseline -0.003 0"><span class='ocrx_word' id='word_1_36' title='bbox 895 1371 1336 1449; x_wconf 63' lang='lat' dir='ltr'><strong>Reversus-us</strong></span> <span class='ocrx_word' id='word_1_37' title='bbox 1369 1374 1555 1446; x_wconf 87' lang='lat' dir='ltr'><strong>edita</strong></span> <span class='ocrx_word' id='word_1_38' title='bbox 1591 1368 1688 1445; x_wconf 88' lang='lat' dir='ltr'><strong>IV</strong></span> <span class='ocrx_word' id='word_1_39' title='bbox 1724 1368 1889 1445; x_wconf 87' lang='lat' dir='ltr'><strong>Idus</strong></span> <span class='ocrx_word' id='word_1_40' title='bbox 1922 1368 2141 1445; x_wconf 86' lang='lat' dir='ltr'><strong>Iulias</strong></span> <span class='ocrx_word' id='word_1_41' title='bbox 2178 1390 2361 1445; x_wconf 91' lang='lat' dir='ltr'><strong>anno</strong></span> <span class='ocrx_word' id='word_1_42' title='bbox 2396 1366 2989 1445; x_wconf 85' lang='lat' dir='ltr'><strong>MDCCCLXVII.</strong></span> 
     </span>
     <span class='ocr_line' id='line_1_9' title="bbox 893 1490 2995 1589; baseline -0.001 -20"><span class='ocrx_word' id='word_1_43' title='bbox 893 1492 978 1569; x_wconf 87' lang='lat' dir='ltr'><strong>In</strong></span> <span class='ocrx_word' id='word_1_44' title='bbox 1032 1515 1168 1589; x_wconf 87' lang='lat' dir='ltr'><strong>qua</strong></span> <span class='ocrx_word' id='word_1_45' title='bbox 1221 1505 1463 1588; x_wconf 88' lang='lat' dir='ltr'><strong>aperte</strong></span> <span class='ocrx_word' id='word_1_46' title='bbox 1513 1490 1887 1579; x_wconf 74' lang='lat' dir='ltr'><strong>ediximuS,</strong></span> <span class='ocrx_word' id='word_1_47' title='bbox 1930 1492 2416 1584; x_wconf 77' lang='lat' dir='ltr'><strong>gravissimum</strong></span> <span class='ocrx_word' id='word_1_48' title='bbox 2468 1492 2601 1563; x_wconf 92' lang='lat' dir='ltr'><strong>hoc</strong></span> <span class='ocrx_word' id='word_1_49' title='bbox 2636 1494 2995 1587; x_wconf 75' lang='lat' dir='ltr'><strong>negotium</strong></span> 
     </span>
     <span class='ocr_line' id='line_1_10' title="bbox 894 1610 2996 1709; baseline 0 -22"><span class='ocrx_word' id='word_1_50' title='bbox 894 1616 983 1689; x_wconf 90' lang='lat' dir='ltr'><strong>de</strong></span> <span class='ocrx_word' id='word_1_51' title='bbox 1019 1610 1390 1689; x_wconf 82' lang='lat' dir='ltr'><strong>Sacrorum</strong></span> <span class='ocrx_word' id='word_1_52' title='bbox 1445 1610 1861 1687; x_wconf 83' lang='lat' dir='ltr'><strong>Antistitum</strong></span> <span class='ocrx_word' id='word_1_53' title='bbox 1910 1614 2251 1687; x_wconf 88' lang='lat' dir='ltr'><strong>electione</strong></span> <span class='ocrx_word' id='word_1_54' title='bbox 2288 1613 2363 1684; x_wconf 91' lang='lat' dir='ltr'><strong>in</strong></span> <span class='ocrx_word' id='word_1_55' title='bbox 2400 1613 2687 1706; x_wconf 79' lang='lat' dir='ltr'><strong>reliquis</strong></span> <span class='ocrx_word' id='word_1_56' title='bbox 2724 1636 2996 1709; x_wconf 83' lang='lat' dir='ltr'><strong>quoque</strong></span> 
     </span>
     <span class='ocr_line' id='line_1_11' title="bbox 894 1730 2995 1829; baseline -0.001 -20"><span class='ocrx_word' id='word_1_57' title='bbox 894 1733 1482 1829; x_wconf 89' lang='lat' dir='ltr'><strong>patriarchatibus</strong></span> <span class='ocrx_word' id='word_1_58' title='bbox 1535 1730 1678 1807; x_wconf 88' lang='lat' dir='ltr'><strong>Nos</strong></span> <span class='ocrx_word' id='word_1_59' title='bbox 1734 1736 1880 1808; x_wconf 81' lang='lat' dir='ltr'><strong>fore</strong></span> <span class='ocrx_word' id='word_1_60' title='bbox 1932 1733 2437 1828; x_wconf 82' lang='lat' dir='ltr'><strong>quamprimum</strong></span> <span class='ocrx_word' id='word_1_61' title='bbox 2483 1734 2995 1809; x_wconf 85' lang='lat' dir='ltr'><strong>moderaturos.</strong></span> 
     </span>
     <span class='ocr_line' id='line_1_12' title="bbox 894 1851 2993 1947; baseline -0.001 -16"><span class='ocrx_word' id='word_1_62' title='bbox 894 1851 1096 1945; x_wconf 82' lang='lat' dir='ltr'><strong>Quod</strong></span> <span class='ocrx_word' id='word_1_63' title='bbox 1147 1858 1364 1929; x_wconf 88' lang='lat' dir='ltr'><strong>etiam</strong></span> <span class='ocrx_word' id='word_1_64' title='bbox 1417 1853 1807 1947; x_wconf 77' lang='lat' dir='ltr'><strong>significare</strong></span> <span class='ocrx_word' id='word_1_65' title='bbox 1884 1872 2027 1926; x_wconf 89' lang='lat' dir='ltr'><strong>non</strong></span> <span class='ocrx_word' id='word_1_66' title='bbox 2098 1854 2457 1927; x_wconf 88' lang='lat' dir='ltr'><strong>omisimus</strong></span> <span class='ocrx_word' id='word_1_67' title='bbox 2518 1874 2761 1927; x_wconf 88' lang='lat' dir='ltr'><strong>coram</strong></span> <span class='ocrx_word' id='word_1_68' title='bbox 2810 1851 2993 1929; x_wconf 86' lang='lat' dir='ltr'><strong>Ven.</strong></span> 
     </span>
     <span class='ocr_line' id='line_1_13' title="bbox 894 1969 2997 2069; baseline 0.001 -22"><span class='ocrx_word' id='word_1_69' title='bbox 894 1972 1017 2048; x_wconf 88' lang='lat' dir='ltr'><strong>Fr.</strong></span> <span class='ocrx_word' id='word_1_70' title='bbox 1072 1971 1343 2051; x_wconf 79' lang='lat' dir='ltr'><strong>Nostris</strong></span> <span class='ocrx_word' id='word_1_71' title='bbox 1413 1971 1841 2049; x_wconf 90' lang='lat' dir='ltr'><strong>Patriarcbis</strong></span> <span class='ocrx_word' id='word_1_72' title='bbox 1894 1994 1978 2047; x_wconf 92' lang='lat' dir='ltr'><strong>ac</strong></span> <span class='ocrx_word' id='word_1_73' title='bbox 2031 1975 2323 2069; x_wconf 87' lang='lat' dir='ltr'><strong>reliquis</strong></span> <span class='ocrx_word' id='word_1_74' title='bbox 2376 1969 2751 2047; x_wconf 81' lang='lat' dir='ltr'><strong>orientalis</strong></span> <span class='ocrx_word' id='word_1_75' title='bbox 2824 1975 2997 2049; x_wconf 90' lang='lat' dir='ltr'><strong>ritus</strong></span> 
     </span>
     <span class='ocr_line' id='line_1_14' title="bbox 895 2090 3000 2190; baseline 0.001 -23"><span class='ocrx_word' id='word_1_76' title='bbox 895 2090 1366 2183; x_wconf 84' lang='lat' dir='ltr'><strong>Antistitibus,</strong></span> <span class='ocrx_word' id='word_1_77' title='bbox 1393 2098 1517 2190; x_wconf 84' lang='lat' dir='ltr'><strong>qui</strong></span> <span class='ocrx_word' id='word_1_78' title='bbox 1555 2096 1630 2169; x_wconf 90' lang='lat' dir='ltr'><strong>in</strong></span> <span class='ocrx_word' id='word_1_79' title='bbox 1668 2094 2139 2169; x_wconf 86' lang='lat' dir='ltr'><strong>saecularibus</strong></span> <span class='ocrx_word' id='word_1_80' title='bbox 2176 2094 2605 2169; x_wconf 80' lang='lat' dir='ltr'><strong>solemnibus</strong></span> <span class='ocrx_word' id='word_1_81' title='bbox 2632 2092 2779 2169; x_wconf 87' lang='lat' dir='ltr'><strong>BB.</strong></span> <span class='ocrx_word' id='word_1_82' title='bbox 2808 2092 3000 2190; x_wconf 81' lang='lat' dir='ltr'><strong>Apo-</strong></span> 
     </span>
     <span class='ocr_line' id='line_1_15' title="bbox 896 2210 2998 2291; baseline 0.001 -2"><span class='ocrx_word' id='word_1_83' title='bbox 896 2217 1236 2291; x_wconf 84' lang='lat' dir='ltr'><strong>stolorum</strong></span> <span class='ocrx_word' id='word_1_84' title='bbox 1288 2212 1481 2291; x_wconf 91' lang='lat' dir='ltr'><strong>Petri</strong></span> <span class='ocrx_word' id='word_1_85' title='bbox 1533 2229 1608 2290; x_wconf 89' lang='lat' dir='ltr'><strong>et</strong></span> <span class='ocrx_word' id='word_1_86' title='bbox 1658 2211 1866 2289; x_wconf 92' lang='lat' dir='ltr'><strong>Pauli</strong></span> <span class='ocrx_word' id='word_1_87' title='bbox 1921 2215 2009 2286; x_wconf 87' lang='lat' dir='ltr'><strong>ad</strong></span> <span class='ocrx_word' id='word_1_88' title='bbox 2044 2216 2227 2288; x_wconf 91' lang='lat' dir='ltr'><strong>hanc</strong></span> <span class='ocrx_word' id='word_1_89' title='bbox 2263 2218 2517 2289; x_wconf 89' lang='lat' dir='ltr'><strong>almam</strong></span> <span class='ocrx_word' id='word_1_90' title='bbox 2554 2210 2815 2291; x_wconf 81' lang='lat' dir='ltr'><strong>Urbem</strong></span> <span class='ocrx_word' id='word_1_91' title='bbox 2852 2214 2998 2291; x_wconf 87' lang='lat' dir='ltr'><strong>No-</strong></span> 
     </span>
     <span class='ocr_line' id='line_1_16' title="bbox 894 2346 1665 2413; baseline 0.001 -5"><span class='ocrx_word' id='word_1_92' title='bbox 894 2346 1113 2410; x_wconf 83' lang='lat' dir='ltr'><strong>stram</strong></span> <span class='ocrx_word' id='word_1_93' title='bbox 1165 2349 1665 2413; x_wconf 82' lang='lat' dir='ltr'><strong>couvenerant.</strong></span> 
     </span>
    </p>

    <p class='ocr_par' dir='ltr' id='par_1_3' title="bbox 895 2452 3016 4485">
     <span class='ocr_line' id='line_1_17' title="bbox 1108 2452 2999 2553; baseline 0.001 -22"><span class='ocrx_word' id='word_1_94' title='bbox 1108 2452 1252 2534; x_wconf 88' lang='lat' dir='ltr'><strong>Hos</strong></span> <span class='ocrx_word' id='word_1_95' title='bbox 1309 2460 1490 2532; x_wconf 86' lang='lat' dir='ltr'><strong>inter</strong></span> <span class='ocrx_word' id='word_1_96' title='bbox 1543 2478 1705 2531; x_wconf 91' lang='lat' dir='ltr'><strong>cum</strong></span> <span class='ocrx_word' id='word_1_97' title='bbox 1740 2478 1881 2532; x_wconf 91' lang='lat' dir='ltr'><strong>non</strong></span> <span class='ocrx_word' id='word_1_98' title='bbox 1916 2456 2256 2533; x_wconf 81' lang='lat' dir='ltr'><strong>adfuisset</strong></span> <span class='ocrx_word' id='word_1_99' title='bbox 2289 2453 2461 2530; x_wconf 88' lang='lat' dir='ltr'><strong>Ven.</strong></span> <span class='ocrx_word' id='word_1_100' title='bbox 2504 2454 2619 2529; x_wconf 89' lang='lat' dir='ltr'><strong>Fr.</strong></span> <span class='ocrx_word' id='word_1_101' title='bbox 2662 2454 2999 2553; x_wconf 84' lang='lat' dir='ltr'><strong>Iosephus</strong></span> 
     </span>
     <span class='ocr_line' id='line_1_18' title="bbox 895 2574 3002 2675; baseline 0 -23"><span class='ocrx_word' id='word_1_102' title='bbox 895 2574 1100 2656; x_wconf 80' lang='lat' dir='ltr'><strong>Audo</strong></span> <span class='ocrx_word' id='word_1_103' title='bbox 1152 2576 1658 2675; x_wconf 85' lang='lat' dir='ltr'><strong>Babylonensis</strong></span> <span class='ocrx_word' id='word_1_104' title='bbox 1720 2574 2229 2654; x_wconf 82' lang='lat' dir='ltr'><strong>Chaldaeorum</strong></span> <span class='ocrx_word' id='word_1_105' title='bbox 2304 2574 2735 2666; x_wconf 86' lang='lat' dir='ltr'><strong>Patriarcha,</strong></span> <span class='ocrx_word' id='word_1_106' title='bbox 2796 2591 3002 2673; x_wconf 85' lang='lat' dir='ltr'><strong>utpo-</strong></span> 
     </span>
     <span class='ocr_line' id='line_1_19' title="bbox 897 2698 3001 2796; baseline -0.001 -18"><span class='ocrx_word' id='word_1_107' title='bbox 897 2713 970 2778; x_wconf 87' lang='lat' dir='ltr'><strong>te</strong></span> <span class='ocrx_word' id='word_1_108' title='bbox 1005 2700 1121 2796; x_wconf 88' lang='lat' dir='ltr'><strong>qui</strong></span> <span class='ocrx_word' id='word_1_109' title='bbox 1165 2700 1238 2774; x_wconf 90' lang='lat' dir='ltr'><strong>in</strong></span> <span class='ocrx_word' id='word_1_110' title='bbox 1272 2698 1769 2775; x_wconf 87' lang='lat' dir='ltr'><strong>Curdistaniae</strong></span> <span class='ocrx_word' id='word_1_111' title='bbox 1818 2711 2123 2785; x_wconf 90' lang='lat' dir='ltr'><strong>montes,</strong></span> <span class='ocrx_word' id='word_1_112' title='bbox 2162 2701 2579 2794; x_wconf 85' lang='lat' dir='ltr'><strong>posthabitis</strong></span> <span class='ocrx_word' id='word_1_113' title='bbox 2612 2701 3001 2795; x_wconf 75' lang='lat' dir='ltr'><strong>longaevae</strong></span> 
     </span>
     <span class='ocr_line' id='line_1_20' title="bbox 899 2820 3016 2911; baseline -0.001 -15"><span class='ocrx_word' id='word_1_114' title='bbox 899 2824 1152 2896; x_wconf 86' lang='lat' dir='ltr'><strong>aetatis</strong></span> <span class='ocrx_word' id='word_1_115' title='bbox 1205 2841 1288 2895; x_wconf 91' lang='lat' dir='ltr'><strong>ac</strong></span> <span class='ocrx_word' id='word_1_116' title='bbox 1338 2820 1791 2894; x_wconf 86' lang='lat' dir='ltr'><strong>difficillimae</strong></span> <span class='ocrx_word' id='word_1_117' title='bbox 1855 2821 2154 2911; x_wconf 78' lang='lat' dir='ltr'><strong>regionis</strong></span> <span class='ocrx_word' id='word_1_118' title='bbox 2230 2820 2719 2905; x_wconf 74' lang='lat' dir='ltr'><strong>incommodis,</strong></span> <span class='ocrx_word' id='word_1_119' title='bbox 2774 2821 3016 2894; x_wconf 81' lang='lat' dir='ltr'><strong>diver-&#39;</strong></span> 
     </span>
     <span class='ocr_line' id='line_1_21' title="bbox 899 2937 2999 3030; baseline -0 -13"><span class='ocrx_word' id='word_1_120' title='bbox 899 2945 1130 3030; x_wconf 88' lang='lat' dir='ltr'><strong>tisset,</strong></span> <span class='ocrx_word' id='word_1_121' title='bbox 1168 2954 1250 3018; x_wconf 91' lang='lat' dir='ltr'><strong>ut</strong></span> <span class='ocrx_word' id='word_1_122' title='bbox 1301 2938 1736 3016; x_wconf 88' lang='lat' dir='ltr'><strong>Nestorianis</strong></span> <span class='ocrx_word' id='word_1_123' title='bbox 1773 2944 1849 3015; x_wconf 91' lang='lat' dir='ltr'><strong>in</strong></span> <span class='ocrx_word' id='word_1_124' title='bbox 1886 2937 2241 3015; x_wconf 87' lang='lat' dir='ltr'><strong>Ecclesiae</strong></span> <span class='ocrx_word' id='word_1_125' title='bbox 2280 2944 2513 3016; x_wconf 87' lang='lat' dir='ltr'><strong>sinum</strong></span> <span class='ocrx_word' id='word_1_126' title='bbox 2556 2943 2999 3027; x_wconf 83' lang='lat' dir='ltr'><strong>revocandis,</strong></span> 
     </span>
     <span class='ocr_line' id='line_1_22' title="bbox 898 3061 3003 3159; baseline -0.001 -20"><span class='ocrx_word' id='word_1_127' title='bbox 898 3067 1196 3139; x_wconf 89' lang='lat' dir='ltr'><strong>alacrem</strong></span> <span class='ocrx_word' id='word_1_128' title='bbox 1249 3076 1456 3159; x_wconf 87' lang='lat' dir='ltr'><strong>atque</strong></span> <span class='ocrx_word' id='word_1_129' title='bbox 1509 3061 1751 3136; x_wconf 89' lang='lat' dir='ltr'><strong>utilem</strong></span> <span class='ocrx_word' id='word_1_130' title='bbox 1803 3084 1929 3156; x_wconf 93' lang='lat' dir='ltr'><strong>pro</strong></span> <span class='ocrx_word' id='word_1_131' title='bbox 1982 3080 2112 3136; x_wconf 90' lang='lat' dir='ltr'><strong>suo</strong></span> <span class='ocrx_word' id='word_1_132' title='bbox 2148 3083 2341 3135; x_wconf 87' lang='lat' dir='ltr'><strong>more</strong></span> <span class='ocrx_word' id='word_1_133' title='bbox 2394 3083 2675 3158; x_wconf 82' lang='lat' dir='ltr'><strong>operam</strong></span> <span class='ocrx_word' id='word_1_134' title='bbox 2732 3065 3003 3156; x_wconf 84' lang='lat' dir='ltr'><strong>impen-</strong></span> 
     </span>
     <span class='ocr_line' id='line_1_23' title="bbox 899 3179 3003 3277; baseline -0.001 -19"><span class='ocrx_word' id='word_1_135' title='bbox 899 3186 1124 3274; x_wconf 88' lang='lat' dir='ltr'><strong>deret,</strong></span> <span class='ocrx_word' id='word_1_136' title='bbox 1171 3185 1508 3260; x_wconf 85' lang='lat' dir='ltr'><strong>universa</strong></span> <span class='ocrx_word' id='word_1_137' title='bbox 1544 3195 1703 3256; x_wconf 91' lang='lat' dir='ltr'><strong>acta</strong></span> <span class='ocrx_word' id='word_1_138' title='bbox 1736 3179 2157 3257; x_wconf 87' lang='lat' dir='ltr'><strong>Consistorii</strong></span> <span class='ocrx_word' id='word_1_139' title='bbox 2194 3183 2561 3277; x_wconf 86' lang='lat' dir='ltr'><strong>praedicto</strong></span> <span class='ocrx_word' id='word_1_140' title='bbox 2604 3187 2745 3256; x_wconf 85' lang='lat' dir='ltr'><strong>iam</strong></span> <span class='ocrx_word' id='word_1_141' title='bbox 2781 3181 2891 3256; x_wconf 92' lang='lat' dir='ltr'><strong>die</strong></span> <span class='ocrx_word' id='word_1_142' title='bbox 2926 3199 3003 3256; x_wconf 87' lang='lat' dir='ltr'><strong>et</strong></span> 
     </span>
     <span class='ocr_line' id='line_1_24' title="bbox 899 3299 3003 3396; baseline -0.001 -18"><span class='ocrx_word' id='word_1_143' title='bbox 899 3325 1088 3380; x_wconf 90' lang='lat' dir='ltr'><strong>anno</strong></span> <span class='ocrx_word' id='word_1_144' title='bbox 1142 3303 1392 3391; x_wconf 87' lang='lat' dir='ltr'><strong>habiti,</strong></span> <span class='ocrx_word' id='word_1_145' title='bbox 1449 3325 1592 3377; x_wconf 89' lang='lat' dir='ltr'><strong>una</strong></span> <span class='ocrx_word' id='word_1_146' title='bbox 1645 3325 1805 3377; x_wconf 88' lang='lat' dir='ltr'><strong>cum</strong></span> <span class='ocrx_word' id='word_1_147' title='bbox 1858 3315 2244 3377; x_wconf 88' lang='lat' dir='ltr'><strong>memorata</strong></span> <span class='ocrx_word' id='word_1_148' title='bbox 2286 3299 2835 3388; x_wconf 83' lang='lat' dir='ltr'><strong>Constitutione,</strong></span> <span class='ocrx_word' id='word_1_149' title='bbox 2876 3325 3003 3396; x_wconf 90' lang='lat' dir='ltr'><strong>per</strong></span> 
     </span>
     <span class='ocr_line' id='line_1_25' title="bbox 901 3419 3005 3517; baseline -0.001 -16"><span class='ocrx_word' id='word_1_150' title='bbox 901 3423 1222 3501; x_wconf 88' lang='lat' dir='ltr'><strong>Nostram</strong></span> <span class='ocrx_word' id='word_1_151' title='bbox 1285 3421 1481 3500; x_wconf 90' lang='lat' dir='ltr'><strong>Fidei</strong></span> <span class='ocrx_word' id='word_1_152' title='bbox 1537 3420 2034 3517; x_wconf 78' lang='lat' dir='ltr'><strong>Propagandae</strong></span> <span class='ocrx_word' id='word_1_153' title='bbox 2096 3419 2725 3516; x_wconf 77' lang='lat' dir='ltr'><strong>congregationem</strong></span> <span class='ocrx_word' id='word_1_154' title='bbox 2788 3445 3005 3516; x_wconf 76' lang='lat' dir='ltr'><strong>nego-</strong></span> 
     </span>
     <span class='ocr_line' id='line_1_26' title="bbox 899 3539 3003 3639; baseline -0.002 -19"><span class='ocrx_word' id='word_1_155' title='bbox 899 3549 1016 3620; x_wconf 87' lang='lat' dir='ltr'><strong>tiis</strong></span> <span class='ocrx_word' id='word_1_156' title='bbox 1068 3543 1268 3620; x_wconf 89' lang='lat' dir='ltr'><strong>Ritus</strong></span> <span class='ocrx_word' id='word_1_157' title='bbox 1320 3540 1703 3619; x_wconf 80' lang='lat' dir='ltr'><strong>Orie&#39;ntalis</strong></span> <span class='ocrx_word' id='word_1_158' title='bbox 1756 3545 2251 3639; x_wconf 83' lang='lat' dir='ltr'><strong>praepositam,</strong></span> <span class='ocrx_word' id='word_1_159' title='bbox 2285 3545 2497 3618; x_wconf 88' lang='lat' dir='ltr'><strong>missa</strong></span> <span class='ocrx_word' id='word_1_160' title='bbox 2548 3546 2767 3618; x_wconf 84' lang='lat' dir='ltr'><strong>fuere.</strong></span> <span class='ocrx_word' id='word_1_161' title='bbox 2804 3539 3003 3633; x_wconf 82' lang='lat' dir='ltr'><strong>Quae</strong></span> 
     </span>
     <span class='ocr_line' id='line_1_27' title="bbox 896 3659 3009 3760; baseline -0.002 -20"><span class='ocrx_word' id='word_1_162' title='bbox 896 3667 1018 3740; x_wconf 89' lang='lat' dir='ltr'><strong>ubi</strong></span> <span class='ocrx_word' id='word_1_163' title='bbox 1056 3667 1352 3759; x_wconf 87' lang='lat' dir='ltr'><strong>accepit,</strong></span> <span class='ocrx_word' id='word_1_164' title='bbox 1391 3665 1616 3759; x_wconf 85' lang='lat' dir='ltr'><strong>primo</strong></span> <span class='ocrx_word' id='word_1_165' title='bbox 1666 3663 1954 3759; x_wconf 88' lang='lat' dir='ltr'><strong>quidem</strong></span> <span class='ocrx_word' id='word_1_166' title='bbox 2010 3686 2135 3760; x_wconf 90' lang='lat' dir='ltr'><strong>per</strong></span> <span class='ocrx_word' id='word_1_167' title='bbox 2188 3659 2369 3738; x_wconf 79' lang='lat' dir='ltr'><strong>Veu.</strong></span> <span class='ocrx_word' id='word_1_168' title='bbox 2407 3661 2531 3738; x_wconf 88' lang='lat' dir='ltr'><strong>Fr.·</strong></span> <span class='ocrx_word' id='word_1_169' title='bbox 2568 3660 2800 3738; x_wconf 89' lang='lat' dir='ltr'><strong>Eliam</strong></span> <span class='ocrx_word' id='word_1_170' title='bbox 2838 3660 3009 3760; x_wconf 87' lang='lat' dir='ltr'><strong>Epi·-</strong></span> 
     </span>
     <span class='ocr_line' id='line_1_28' title="bbox 899 3781 3007 3881; baseline -0.001 -19"><span class='ocrx_word' id='word_1_171' title='bbox 899 3807 1188 3881; x_wconf 86' lang='lat' dir='ltr'><strong>scopum</strong></span> <span class='ocrx_word' id='word_1_172' title='bbox 1238 3783 1470 3860; x_wconf 83' lang='lat' dir='ltr'><strong>Akrae</strong></span> <span class='ocrx_word' id='word_1_173' title='bbox 1533 3781 2073 3873; x_wconf 88' lang='lat' dir='ltr'><strong>Chaldaeorum,</strong></span> <span class='ocrx_word' id='word_1_174' title='bbox 2138 3807 2345 3881; x_wconf 86' lang='lat' dir='ltr'><strong>quem</strong></span> <span class='ocrx_word' id='word_1_175' title='bbox 2410 3785 2497 3858; x_wconf 87' lang='lat' dir='ltr'><strong>ad</strong></span> <span class='ocrx_word' id='word_1_176' title='bbox 2562 3786 2749 3858; x_wconf 89' lang='lat' dir='ltr'><strong>hanc</strong></span> <span class='ocrx_word' id='word_1_177' title='bbox 2813 3782 3007 3880; x_wconf 78' lang='lat' dir='ltr'><strong>Apo-</strong></span> 
     </span>
     <span class='ocr_line' id='line_1_29' title="bbox 897 3901 3005 4000; baseline -0 -20"><span class='ocrx_word' id='word_1_178' title='bbox 897 3908 1218 3980; x_wconf 89' lang='lat' dir='ltr'><strong>stolicam</strong></span> <span class='ocrx_word' id='word_1_179' title='bbox 1272 3901 1522 3977; x_wconf 87' lang='lat' dir='ltr'><strong>Sedem</strong></span> <span class='ocrx_word' id='word_1_180' title='bbox 1573 3905 1948 3996; x_wconf 79' lang='lat' dir='ltr'><strong>allegatum</strong></span> <span class='ocrx_word' id='word_1_181' title='bbox 2002 3907 2375 4000; x_wconf 87' lang='lat' dir='ltr'><strong>praedictis</strong></span> <span class='ocrx_word' id='word_1_182' title='bbox 2412 3905 2831 3979; x_wconf 88' lang='lat' dir='ltr'><strong>solemnibus</strong></span> <span class='ocrx_word' id='word_1_183' title='bbox 2876 3927 3005 3979; x_wconf 90' lang='lat' dir='ltr'><strong>suo</strong></span> 
     </span>
     <span class='ocr_line' id='line_1_30' title="bbox 897 4025 3009 4121; baseline -0 -22"><span class='ocrx_word' id='word_1_184' title='bbox 897 4027 1177 4100; x_wconf 87' lang='lat' dir='ltr'><strong>nomine</strong></span> <span class='ocrx_word' id='word_1_185' title='bbox 1233 4047 1316 4098; x_wconf 89' lang='lat' dir='ltr'><strong>ac</strong></span> <span class='ocrx_word' id='word_1_186' title='bbox 1363 4025 1522 4099; x_wconf 84' lang='lat' dir='ltr'><strong>vice</strong></span> <span class='ocrx_word' id='word_1_187' title='bbox 1578 4027 1925 4100; x_wconf 84' lang='lat' dir='ltr'><strong>interesse</strong></span> <span class='ocrx_word' id='word_1_188' title='bbox 1981 4025 2307 4114; x_wconf 89' lang='lat' dir='ltr'><strong>iusserat,</strong></span> <span class='ocrx_word' id='word_1_189' title='bbox 2346 4038 2497 4102; x_wconf 89' lang='lat' dir='ltr'><strong>tum</strong></span> <span class='ocrx_word' id='word_1_190' title='bbox 2532 4047 2659 4121; x_wconf 90' lang='lat' dir='ltr'><strong>per</strong></span> <span class='ocrx_word' id='word_1_191' title='bbox 2694 4045 2857 4100; x_wconf 90' lang='lat' dir='ltr'><strong>suas</strong></span> <span class='ocrx_word' id='word_1_192' title='bbox 2890 4025 3009 4098; x_wconf 90' lang='lat' dir='ltr'><strong>lit-</strong></span> 
     </span>
     <span class='ocr_line' id='line_1_31' title="bbox 895 4141 3005 4241; baseline -0 -22"><span class='ocrx_word' id='word_1_193' title='bbox 895 4157 1084 4220; x_wconf 90' lang='lat' dir='ltr'><strong>teras</strong></span> <span class='ocrx_word' id='word_1_194' title='bbox 1140 4146 1229 4217; x_wconf 90' lang='lat' dir='ltr'><strong>ad</strong></span> <span class='ocrx_word' id='word_1_195' title='bbox 1283 4147 1666 4239; x_wconf 80' lang='lat' dir='ltr'><strong>praefatam</strong></span> <span class='ocrx_word' id='word_1_196' title='bbox 1720 4141 2351 4241; x_wconf 79' lang='lat' dir='ltr'><strong>Congregationem</strong></span> <span class='ocrx_word' id='word_1_197' title='bbox 2395 4149 2609 4222; x_wconf 87' lang='lat' dir='ltr'><strong>semel</strong></span> <span class='ocrx_word' id='word_1_198' title='bbox 2644 4157 2718 4220; x_wconf 91' lang='lat' dir='ltr'><strong>et</strong></span> <span class='ocrx_word' id='word_1_199' title='bbox 2755 4147 3005 4219; x_wconf 88' lang='lat' dir='ltr'><strong>iterum</strong></span> 
     </span>
     <span class='ocr_line' id='line_1_32' title="bbox 895 4262 3007 4364; baseline 0.002 -26"><span class='ocrx_word' id='word_1_200' title='bbox 895 4265 1124 4352; x_wconf 90' lang='lat' dir='ltr'><strong>datas,</strong></span> <span class='ocrx_word' id='word_1_201' title='bbox 1183 4265 1641 4358; x_wconf 80' lang='lat' dir='ltr'><strong>significatum</strong></span> <span class='ocrx_word' id='word_1_202' title='bbox 1718 4262 1929 4341; x_wconf 89' lang='lat' dir='ltr'><strong>Nobis</strong></span> <span class='ocrx_word' id='word_1_203' title='bbox 2012 4271 2269 4355; x_wconf 83' lang='lat' dir='ltr'><strong>voluit,</strong></span> <span class='ocrx_word' id='word_1_204' title='bbox 2336 4291 2409 4342; x_wconf 92' lang='lat' dir='ltr'><strong>se</strong></span> <span class='ocrx_word' id='word_1_205' title='bbox 2485 4269 2713 4364; x_wconf 85' lang='lat' dir='ltr'><strong>quoad</strong></span> <span class='ocrx_word' id='word_1_206' title='bbox 2774 4280 3007 4344; x_wconf 87' lang='lat' dir='ltr'><strong>certas</strong></span> 
     </span>
     <span class='ocr_line' id='line_1_33' title="bbox 895 4383 3007 4485; baseline 0 -23"><span class='ocrx_word' id='word_1_207' title='bbox 895 4389 1170 4485; x_wconf 82' lang='lat' dir='ltr'><strong>regulas</strong></span> <span class='ocrx_word' id='word_1_208' title='bbox 1222 4388 1297 4462; x_wconf 91' lang='lat' dir='ltr'><strong>in</strong></span> <span class='ocrx_word' id='word_1_209' title='bbox 1348 4383 1859 4484; x_wconf 87' lang='lat' dir='ltr'><strong>Episcoporum</strong></span> <span class='ocrx_word' id='word_1_210' title='bbox 1916 4389 2274 4465; x_wconf 89' lang='lat' dir='ltr'><strong>electione</strong></span> <span class='ocrx_word' id='word_1_211' title='bbox 2308 4389 2689 4465; x_wconf 87' lang='lat' dir='ltr'><strong>servandas</strong></span> <span class='ocrx_word' id='word_1_212' title='bbox 2726 4387 3007 4466; x_wconf 87' lang='lat' dir='ltr'><strong>minime</strong></span> 
     </span>
    </p>
   </div>
  </div>
 </body>
</html>
