3292 5275
844 483 1001 563 318

836 625 1169 718 grapbam
1204 643 1416 696 manu
1456 640 1581 694 sua
1618 619 2082 710 subscriptam
2124 615 2338 688 libere
2377 611 2590 688 Nobis
2626 638 2704 688 ac
2744 640 2956 711 spon-

842 757 905 816 te
981 744 1215 816 cessit.
1293 737 1742 834 Quapropter
1816 735 2233 832 Apostolicis
2317 733 2604 808 Litteris
2679 733 2954 811 Nostris

839 864 947 935 die
1014 857 1329 936 xxvln.
1398 858 1807 934 Decembris
1873 856 2078 932 Anno
2145 851 2707 928 MDCCCthx.
2777 859 2957 929 datis

840 983 1283 1078 supradictas
1348 977 1752 1054 Decessoris
1819 975 2058 1052 Nostri
2115 973 2420 1050 Litteras
2481 979 2904 1067 derogantes
2935 1031 2958 1065 ,
3001 1043 3008 1050 .

842 1103 1139 1176 admissa
1229 1097 1515 1176 Patroni
1594 1099 2036 1172 abdicatione
2075 1149 2098 1184 ,
2179 1109 2612 1191 acceptaque
2696 1100 2962 1172 iurium

843 1223 1145 1296 omnium
1177 1270 1198 1306 ,
1252 1231 1323 1293 et
1378 1221 1854 1316 quorumlihet
1919 1219 1985 1290 in
2057 1219 2448 1311 praefatum
2503 1213 2900 1292 Sacrarium
2932 1268 2956 1304 ,

844 1358 917 1419 et
941 1342 1331 1435 Collegium
1359 1339 1573 1416 Nobis
1605 1367 1647 1416 a
1675 1340 1986 1416 Patrono
2014 1341 2194 1414 facta
2227 1342 2574 1426 cessione,
2605 1337 2960 1414 Sixtinum

844 1461 1425 1558 Cappellanorum
1454 1461 1868 1553 Conlegium
1906 1462 2353 1545 extinximus,
2383 1464 2796 1556 singulaque
2833 1465 2964 1536 bo-

846 1609 966 1671 na,
1025 1588 1205 1670 iura,
1262 1598 1333 1656 et
1388 1587 1698 1657 actiones
1753 1585 1838 1654 ad
1875 1580 2278 1676 Cappellam
2313 1578 2682 1678 Praesepis
2721 1577 2965 1656 Domi-

845 1707 943 1792 ni,
980 1720 1052 1779 et
1089 1707 1171 1780 ad
1228 1707 1661 1798 praedictum
1699 1700 2132 1796 Conlegium,
2175 1699 2768 1796 praeposituram,
2827 1699 2964 1776 Se·-

846 1828 1250 1910 cretarium,
1306 1821 1838 1919 Cappeilanias,
1908 1837 1980 1897 et
2039 1817 2390 1898 Beneficia
2443 1824 2964 1917 quomodolibet

846 1948 1243 2039 spectantia
1277 1944 1536 2017 liberae
1576 1946 2020 2040 dispositioni
2059 1939 2357 2016 Nostrae
2404 1947 2963 2030 reservavimuS,

846 2068 947 2140 ita
989 2080 1217 2139 tamen
1256 2078 1337 2141 ut
1374 2065 1689 2138 hodierni
1719 2062 2203 2158 PraeposituS,
2236 2061 2684 2158 Cappellani,
2725 2079 2798 2138 et
2833 2061 2972 2138 Be-‘

850 2185 1215 2271 neficiarii,
1273 2187 1603 2282 quamdiu
1659 2185 1826 2278 ipsis
1884 2186 2030 2259 vita
2083 2197 2441 2279 suppetat,
2497 2187 2704 2260 titulo
2741 2199 2816 2260 et
2852 2207 2970 2259 re-

850 2307 1109 2380 ditibus
1166 2303 1495 2380 Beneficii
1552 2308 1661 2380 sui
1717 2309 2070 2390 fruantur,
2129 2317 2202 2378 et
2257 2305 2542 2398 singulis
2597 2308 2975 2380 inhaeren-

850 2430 948 2500 tia
1002 2423 1367 2500 Beneficiis
1422 2449 1635 2500 onera
1694 2428 2152 2522 adimpleant,
2191 2427 2559 2521 eidemque
2596 2423 2970 2521 Cappellae

852 2550 1117 2620 cultum
1172 2560 1529 2640 praestare
1567 2560 1864 2642 pergant
1900 2549 2124 2620 donec
2180 2545 2379 2618 aliter
2433 2549 2789 2641 provisum
2847 2549 2966 2620 sit.

850 2664 1029 2741 Hinc
1074 2690 1161 2741 ne
1212 2669 1485 2743 illustre
1540 2672 1672 2743 hoc
1717 2666 2122 2743 Decessoris
2159 2664 2399 2740 Nostri
2453 2678 2603 2740 tum
2657 2670 2970 2761 pictatia,

858 2802 1003 2861 tum
1058 2789 1227 2861 artis
1246 2802 1798 2887 ,monumentum
1838 2791 2118 2863 ruinam
2153 2791 2442 2873 faceret,
2499 2792 2692 2863 nulla
2749 2792 2977 2862 inter-

855 2909 1079 3003 posita
1134 2932 1331 2983 mora
1389 2922 1579 2983 tanto
1634 2912 1833 3004 operi
1889 2930 2174 2984 manum
2229 2910 2706 2997 admovimus3
2760 2910 2976 3003 idque

854 3032 1392 3105 luctuosissimis
1466 3033 1658 3105 hisce
1745 3031 2174 3124 temporibus
2247 3029 2582 3123 perficere
2659 3033 2976 3123 potuisse

859 3145 1035 3236 Deo,
1094 3165 1165 3225 ct
1218 3147 1567 3226 Patronae
1620 3148 1914 3226 Nostrae
1969 3148 2318 3245 Deiparae
2375 3150 2520 3223 sine
2575 3152 2732 3225 labe
2785 3149 2978 3225 Cou-

858 3285 1103 3367 ceptae
1159 3286 1525 3368 acceptum
1596 3273 1876 3347 omnino
1953 3275 2342 3347 referimus.
2399 3268 2712 3347 Huiusce
2787 3274 2978 3345 enim

857 3394 1398 3489 splendidissimi
1437 3393 1740 3469 Sacrarii
1796 3395 2264 3478 fundamentis
2321 3394 2637 3479 firmatis,
2679 3395 2835 3486 pilis
2871 3416 2981 3466 re-

862 3518 1095 3600 fectiS,
1154 3516 1505 3588 testudine
1560 3516 1904 3608 plumbeis
1961 3516 2242 3587 laminis
2297 3515 2573 3588 obtecta
2599 3562 2622 3599 ,
2681 3516 2978 3608 picturis

862 3636 931 3710 in
971 3638 1345 3731 pristinum
1384 3657 1584 3712 suum
1624 3637 1836 3709 decus
1876 3638 2250 3721 restitutis,
2289 3638 2516 3709 sectili
2569 3638 2978 3729 pavimento

864 3758 1281 3841 instaurato,
1340 3779 1535 3831 sacro
1592 3752 2080 3830 Tabernaculo
2135 3758 2446 3849 expolito
2471 3804 2493 3842 ,
2551 3778 2632 3828 ac
2689 3758 2980 3848 gemmis

864 3888 1115 3952 ornato
1170 3900 1311 3951 non
1368 3878 1573 3951 modo
1628 3877 1972 3951 excidium
2009 3878 2686 3967 averrumcavimus,
2724 3876 2850 3949 sed
2884 3878 2982 3947 il·-

865 3996 981 4070 lud
1018 4002 1331 4073 ornatius
1371 4000 2026 4092 redintegravimus,
2063 4010 2138 4069 et
2169 3998 2482 4071 solidius.
2538 3993 2698 4085 Quo
2738 4010 2982 4071 autem

866 4115 1361 4193 Sanctuarium
1414 4120 1547 4193 boc
1603 4119 1789 4193 omni
1843 4139 2042 4203 cura,
2079 4118 2460 4213 debitoque
2513 4120 2708 4191 cultu
2764 4118 2987 4190 babe—

870 4248 1056 4320 atur,
1094 4242 1459 4324 nonnulla,
1499 4260 1684 4334 quae
1719 4240 1882 4325 boc,
1924 4238 2313 4333 futurisque
2371 4238 2804 4333 temporibus
2841 4258 2986 4310 scr-

734 4392 744 4401 ·
871 4360 1099 4441 venda
1154 4371 1515 4463 potamus,
1566 4361 1760 4461 hisee
1817 4356 2100 4435 Litteris
2153 4360 2674 4441 constituimus.
2731 4356 2982 4459 Itaque
