3292 5275
858 474 962 555 aa

892 649 921 677 .-
1678 616 1727 650 ·-
1817 610 2000 685 vm.

1172 796 1180 803 ’
1288 859 1295 871 ·
1414 850 1519 925 ne
1572 850 2008 925 Smimibus
2063 850 2404 935 pnsum,
2497 806 2502 810 ’

928 1140 938 1156 -.
1070 1089 1513 1167 publicarum
1564 1098 1768 1166 nunc.
1803 1090 2226 1166 ,Sessionm'n
2287 1096 2666 1169 celebratio
2727 1094 2965 1186 exigit,

862 1226 943 1286 ut
996 1214 1199 1286 rebus
1254 1226 1325 1286 et
1378 1214 1770 1287 actionibus
1813 1215 1886 1283 in
1922 1236 2005 1286 ea
2042 1216 2178 1287 rite
2215 1210 2627 1306 dirigendis»,
2655 1236 2966 1309 congrua

862 1334 1131 1425 ratione
1182 1335 1645 1407 consulamus.
1703 1330 1956 1429 ltaque
1989 1384 2010 1420 ,
2061 1336 2151 1407 ·in
2215 1330 2636 1431 unaquaque
2690 1335 2970 1428 publica

863 1450 1217 1541 sessione,
1274 1455 1800 1529 considentibus
1834 1478 1966 1530 auo
2020 1457 2178 1529 loco
2205 1458 2556 1529 et‘omine
2612 1453 2966 1539 Patribus,

864 1576 1293 1669 servatisqne
1352 1577 1778 1649 adamussim
1833 1574 2320 1662 caeremoniiS,
2367 1596 2550 1671 quae
2602 1578 2676 1647 in
2729 1574 2969 1649 rituali

864 1694 1327 1767 instructione
1380 1696 1629 1767 iisdem
1684 1692 2012 1767 Patribus
2049 1694 2137 1769 de
2163 1698 2490 1771 mandato
2531 1692 2798 1779 'Nostro
2841 1707 2975 1766 tra-

863 1814 1115 1898 denda,
1174 1814 1652 1899 continentur,
1709 1816 1796 1887 de
1851 1828 2178 1910 suggestu
2215 1812 2672 1891 Decretorum
2725 1828 2799 1888 et
2833 1812 2976 1889 Ca-

868 1938 1129 2007 nonum
1186 1934 2133 2026 formulam-superioribus
2165 1932 2826 2029 congregationibus
2855 1956 2978 2027 ge·-

868 2056 1227 2127 neralibus
1266 2055 1617 2137 conditae,
1651 2032 1830 2129 voce
1864 2058 2140 2129 sublata
2164 2070 2240 2128 et
2265 2058 2454 2128 clara
2493 2058 2689 2131 iussu
2719 2050 2978 2128 Nostro

868 2176 1382 2260 metiebantur,
1440 2196 1523 2247 eo
1571 2176 1848 2261 ordine,
1907 2187 2017 2248 ut·
2042 2178 2366 2270 primum=
2394 2196 2693 2249 canones
2729 2177 2814 2247 de
2851 2176 2982 2249 do-

868 2294 1211 2388 gmatibus
1249 2293 1475 2381 Fidei,
1508 2296 1770 2370 deinde
1807 2297 2092 2370 decreta
2131 2298 2218 2368 de
2257 2296 2630 2389 disciplina
2665 2317 2980 2388 pronun-

858 2417 1175 2496 ciantur,
1214 2429 1287 2487 et
1323 2437 1405 2488 ea
1448 2416 1760 2489 adhibita
1797 2418 2094 2489 solemni
2132 2417 2320 2491 tituli
2353 2419 2806 2509 praefatione,
2835 2436 2976 2511 qua

867 2531 1453 2612 praedecessores
1506 2532 1742 2609 Nostri
1781 2540 1858 2609 in
1895 2534 2227 2610 eiusmodi
2275 2534 2660 2611 Conciliari
2699 2538 2980 2611 actione

872 2658 977 2731 uti
1034 2669 1580 2742 consueverunt,
1651 2679 1952 2752 nempe:
2025 2655 2202 2730 Pius
2275 2656 2666 2756 Episcopus
2720 2655 2983 2731 Servus

870 2769 1257 2850 Servorum
1311 2771 1470 2861 Dei,
1526 2799 1732 2849 sacro
1785 2775 2224 2875 approbante
2257 2775 2624 2864 Camilia,
2679 2776 2776 2850 ad
2814 2799 2986 2876 per·-

868 2909 1161 2998 petuam
1188 2895 1297 2967 rei
1320 2897 1762 2968 memoriam.
1798 2895 1996 2970 Tunc
2029 2921 2200 2972 vero
2245 2901 2680 2990 rogabuntur
2707 2895 2982 2984 Patres,

876 3039 963 3090 an
1008 3020 1335 3112 ‘placeant
1390 3039 1694 3090 canones
1753 3029 1824 3090 et
1879 3019 2161 3092 decreta
2213 3017 2519 3111 perlecta
2543 3043 2568 3108 3
2621 3041 2705 3092 ac
2739 3023 2986 3093 statim

876 3139 1259 3231 procedent
1311 3151 1735 3212 scrutatores
1791 3078 2296 3234 sbffragiorum
2337 3141 2542 3214 iuxta
2575 3141 2988 3224 methodum

878 3258 1189 3350 superius
1244 3261 1732 3343 constitutam,
1789 3262 1876 3334 ad
1935 3261 2260 3350 suffragia
2315 3259 2722 3351 singillatim
2759 3273 2832 3334 et
2877 3283 2990 3334 or-

876 3375 1037 3450 dine
1092 3379 1533 3471 excipienda,
1567 3399 1786 3472 eaque
1843 3393 2164 3452 accurate
2223 3380 2640 3452 describent.
2679 3376 2826 3454 Hac
2863 3403 2990 3454 au-

879 3510 1025 3570 tem
1054 3499 1127 3568 in
1164 3519 1241 3570 re
1276 3499 1702 3574 declaramus
1755 3497 2094 3591 suffragia·
2131 3501 2568 3594 pronunciari
2620 3497 2879 3574 debere
2909 3503 2987 3574 in

878 3619 1051 3694 haec
1104 3621 1349 3702 verba,
1398 3615 1662 3717 placet,
1720 3632 1841 3692 aut
1893 3643 2036 3694 non
2079 3617 2362 3718 placet:
2411 3643 2504 3692 ac
2539 3620 2742 3694 simul
2777 3621 2992 3694 edici-

878 3759 1064 3820 mus,
1120 3737 1404 3810 minime
1458 3740 1565 3810 fas
1616 3761 1775 3812 esse
1829 3763 1871 3814 a
1927 3737 2252 3814 Sessione
2307 3739 2703 3812 absentibus
2739 3743 2992 3834 quavis

882 3860 968 3932 de
1022 3881 1272 3943 causa,
1330 3859 1738 3949 suffragium
1793 3881 1998 3935 suum
2051 3862 2308 3953 scripto
2361 3861 2846 3950 consignatum
2901 3861 2994 3934 ad

882 3975 1273 4052 Concilium
1328 3979 1621 4052 mittere.
1675 3979 1996 4054 lamvero
2053 3979 2390 4072 suffragiis
2429 3981 2770 4063 collectim
2808 3976 2998 4053 Con·

885 4098 1021 4170 cilii
1077 4093 1513 4172 Secretarius
1568 4120 1710 4173 una
1761 4123 1926 4174 eum
1999 4102 2424 4193 supradictis
2477 4095 2994 4174 scrutatoribus

885 4239 1097 4314 penes
1150 4215 1625 4293 Pontificalem
1681 4213 2004 4294 Nostram
2057 4217 2506 4304 Cathedram,
2545 4219 2634 4292 iis
2673 4232 2997 4294 accurate

889 4340 1291 4419 dirimendis
1331 4361 1412 4414 ac
1450 4338 1899 4418 numerandis
1933 4360 2216 4438 operam
2243 4339 2538 4428 dabunt,
2579 4359 2660 4414 ac
2697 4338 2784 4416 do
2821 4339 2998 4438 ipsis
