3292 5275
388 643 625 710 Similis
665 679 696 691 -
746 645 862 710 Ubi
898 644 1108 727 prima
1148 643 1299 708 novi
1336 643 1684 706 schismatis
1711 677 1740 689 -
1765 641 1839 706 11
1885 643 2100 707 martii
2129 639 2344 708 Vene-

466 741 779 802 rabilibus
829 737 1167 801 Fratribus
1218 737 1499 800 Antonio
1541 735 1736 802 Petro
1787 735 1880 800 lX
1927 735 2344 800 Patriarchae

465 831 733 898 Ciliciae
792 839 988 913 atque
1050 829 1401 895 Catholicis
1444 830 1967 912 Archiepiscopis
2011 829 2344 912 Episcopis

462 925 749 990 Armenii
811 924 1001 988 Ritus
1057 927 1329 1006 gratiam
1381 930 1447 987 et
1498 924 2018 986 communionem
2069 923 2348 1004 Aposto-

462 1021 629 1084 licae
678 1018 855 1083 Sedis
900 1020 1304 1095 habentibus,
1348 1035 1468 1082 nec
1508 1037 1635 1081 non
1682 1014 1952 1083 Dilectis
2000 1015 2182 1080 Filiis
2231 1015 2346 1080 Sa-

464 1114 865 1191 cerdotibus,
911 1112 1279 1192 Monachis,
1322 1119 1389 1176 et
1432 1111 1641 1175 Laicis
1685 1111 2018 1174 catholicis
2060 1109 2343 1174 eiusdem

462 1209 648 1271 ritus.
700 1205 1065 1271 Factiosum
1110 1206 1643 1271 conciliabulum
1685 1223 1723 1266 a
1763 1204 2184 1268 schismaticis
2221 1201 2350 1267 Ar-

464 1301 709 1364 meniae
752 1317 977 1363 recens
1019 1307 1317 1362 coactum
1356 1299 1770 1379 illegitimum
1807 1305 1876 1362 et
1901 1298 2160 1362 omnino
2200 1297 2346 1360 irri—

462 1396 659 1457 ritum
700 1393 1013 1470 declarat,
1046 1391 1439 1474 proindeque
1480 1392 1864 1456 electionem
1905 1393 1972 1454 in
2015 1409 2096 1454 eo
2137 1397 2344 1454 atten-

464 1493 661 1550 tatam
704 1489 853 1550 novi
896 1487 1301 1567 patriarchae
1344 1487 1594 1548 nullam
1635 1492 1702 1548 et
1743 1485 1994 1549 inanem
2047 1503 2186 1549 esse
2235 1483 2346 1547 de-

464 1583 690 1659 cernit,
730 1583 858 1644 imo
900 1599 1141 1662 poenas
1184 1599 1221 1642 a
1264 1581 1463 1642 sacris
1504 1580 1857 1642 canonibus
1898 1581 2172 1643 sancitas
2215 1583 2346 1642 tam

462 1694 632 1738 novo
663 1674 1077 1739 patriarchae
1120 1691 1315 1756 quam
1358 1673 1758 1736 electoribus
1799 1672 2044 1754 infligit.
2075 1671 2346 1738 Univer-

462 1787 565 1832 sos
607 1769 906 1832 hortatur
948 1768 1301 1831 catholicos
1348 1766 1688 1830 Armenios
1713 1811 1733 1845 ,
1777 1773 1852 1830 nt
1895 1769 2182 1848 legitimo
2223 1785 2344 1830 suo

462 1860 898 1938 patriarchae,
930 1860 1442 1940 etApostolicae
1486 1857 1632 1922 Sedi
1673 1860 1896 1924 fideles
1939 1867 2239 1924 maneant
2279 1867 2345 1922 et

463 1955 847 2018 obedientes.
1010 2002 1024 2016 .
1198 2000 1211 2015 .
1383 2000 1397 2014 .
1569 1999 1585 2014 .
1758 2001 1772 2016 .
1945 1999 1959 2014 .
2131 2000 2144 2014 .
2314 1976 2346 2013 »
2385 1949 2506 2020 w

384 2139 729 2206 Decretum
770 2175 799 2188 -
846 2143 1019 2206 Inter
1071 2163 1173 2206 cos
1213 2141 1327 2226 qui
1366 2146 1647 2224 fecerum
1685 2154 1743 2206 ct
1781 2146 2132 2207 docuwmtt
2171 2177 2202 2189 -
2241 2143 2344 2206 die

456 2234 539 2300 23
578 2238 814 2316 martii,
858 2256 989 2318 quo
1034 2234 1303 2301 Sanctus
1333 2236 1706 2318 Alphonsns
1733 2236 1985 2301 Mariae
2027 2239 2106 2301 de
2149 2236 2338 2318 Ligo-

463 2330 559 2390 rio
603 2326 903 2394 Doctoris
946 2327 1279 2394 Ecclesiae
1340 2329 1531 2392 titulo
1585 2329 1968 2394 honestatur
2129 2377 2143 2391 .
2313 2351 2346 2390 »ι
2383 2323 2505 2394 296

378 2513 657 2580 Litterae
701 2515 1113 2598 Apostolicae
1162 2519 1288 2580 sub
1331 2519 1579 2580 annulo
1622 2517 1968 2582 Piscatoris
2007 2551 2038 2564 -
2087 2515 2343 2582 Carica«-

454 2619 573 2673 tcm
610 2609 788 2674 illius
829 2612 1143 2677 imitantes
1196 2646 1225 2657 -
1266 2612 1368 2676 die
1406 2607 1483 2676 31
1528 2613 1767 2690 martii,
1795 2613 2028 2694 quibus
2069 2613 2344 2677 mittitur

456 2702 1073 2787 Constantinopolim
1113 2706 1355 2770 Orator
1394 2714 1581 2770 extra
1612 2707 1908 2769 ordinem
1936 2703 2340 2769 Venerabilis

456 2794 687 2861 Frater
737 2798 1106 2863 Alexander
1165 2799 1706 2881 Archiepiscopus
1759 2798 2342 2863 Thessalonicensis

458 2889 749 2955 Nuncius
775 2892 1187 2976 Apostolicus
1228 2910 1374 2957 cum
1413 2894 1830 2957 facultatibus
1853 2893 2074 2975 Legati
2103 2912 2140 2955 a
2178 2894 2341 2956 late·

454 3002 525 3047 re
552 2986 615 3047 in
643 2985 1096 3067 Hispaniarum
1130 3005 1349 3068 regno,
1382 2996 1455 3050 ut
1493 2986 1776 3051 Romani
1829 2986 2152 3051 Pontificis
2195 3005 2341 3069 per-

452 3096 673 3141 sonam
718 3098 943 3161 gerens
989 3082 1499 3144 subortas-inter
1537 3081 1876 3145 Armenios
1927 3081 2234 3144 haereses
2275 3088 2341 3143 et

453 3171 793 3236 schismata
836 3173 1175 3255 profligare
1218 3182 1490 3238 conetur
1572 3221 1584 3235 .
1739 3220 1752 3235 .
1928 3222 1941 3235 .
2123 3220 2137 3235 .
2307 3194 2340 3231 »
2377 3168 2500 3239 299

374 3356 664 3438 Epistola
704 3394 735 3408 ·
765 3358 887 3425 Res
924 3360 1191 3425 maximi
1217 3364 1407 3443 plane
1448 3360 1792 3424 momenti-
1820 3362 1923 3425 die
1951 3358 2032 3425 15
2063 3362 2212 3423 maii
2255 3362 2332 3424 ad

452 3449 641 3515 Card.
668 3452 1155 3517 Constantinum
1185 3454 1424 3519 Patrizi
1460 3452 1852 3537 Episcopum
1885 3454 2245 3521 Ostiensem
2273 3460 2338 3517 et

454 3543 857 3609 Veliternum
890 3546 1067 3611 Sacri
1097 3547 1537 3612 cardinalium
1570 3547 1847 3631 Collegii
1883 3545 2247 3627 Decanum,
2271 3553 2338 3611 et

450 3636 785 3703 vicarium
816 3638 1201 3705 Generalem
1230 3644 1295 3705 in
1324 3642 1778 3723 spiritualibus
1799 3640 2043 3705 Romae
2069 3642 2338 3721 eiusque

450 3732 803 3813 districtus,
848 3741 923 3797 ut
960 3754 1181 3799 omnes
1224 3734 1414 3800 Urbis
1458 3734 1792 3799 Parochos
1829 3741 2087 3798 moneat
2111 3753 2338 3799 eorum

449 3844 589 3889 csse
630 3826 821 3889 officii
862 3829 1113 3890 nullam
1176 3830 1507 3910 negligere
1572 3830 1972 3891 occasionem
2033 3826 2340 3891 suadendi

452 3918 793 3983 iuvenibus
822 3938 1019 3983 curae
1050 3938 1208 3984 suae
1251 3921 1507 3985 creditis
1534 3939 1662 3985 non
1691 3921 1900 3984 licere
1927 3938 2194 4003 prorsus
2219 3938 2338 3983 au-

448 4010 689 4075 ditores
728 4032 797 4075 se
850 4014 1159 4093 praebere
1220 4015 1356 4078 illis
1418 4016 1740 4097 magistris
1797 4015 2336 4095 scientiarumque

452 4104 943 4185 professoribus,
974 4108 1085 4188 qui
1114 4107 1365 4171 haeresi
1392 4128 1463 4171 se
1490 4110 2014 4189 subscripserunt
2043 4105 2336 4171 Doelliu-

416 4194 421 4201 ’
448 4199 585 4278 geri
616 4200 1143 4265 infallibilitatem
1166 4204 1239 4265 iu
1268 4200 1531 4266 Summo
1552 4200 1858 4267 Pontificc
1877 4202 2269 4283 denegantis.
2303 4224 2338 4263 »
2373 4196 2497 4269 303
