3292 5275
2284 495 2443 580 293

323 624 780 720 Quamobrem
855 643 1052 705 motu
1129 633 1419 725 proprio
1457 681 1478 716 ‚
1539 644 1745 737 eerta
1820 635 2112 708 seientia
2164 647 2235 708 et
2286 657 2446 710 ma-

319 761 480 826 tura
554 753 1053 826 deliberatione
1129 775 1338 847 quem
1412 747 1849 827 Californiae
1932 766 2229 830 tractum
2292 753 2447 828 An-

317 895 404 945 no
441 868 878 948 MDCCCLII
932 875 1017 947 ab
1072 869 1390 946 Dioeeesi
1450 870 1982 968 Montereyensi
2040 885 2251 970 atque
2301 872 2449 948 An-

320 995 634 1083 gelorum
697 994 1134 1071 seiunximus
1189 1006 1261 1068 et
1315 990 1690 1070 Mexieano
1748 993 2075 1070 Antistiti
2140 997 2447 1070 admini-
2524 1043 2531 1048 -

319 1115 682 1189 strandum
723 1117 1324 1200 demandavimus,
1370 1136 1567 1190 nune
1611 1117 1688 1188 in
1722 1139 1971 1192 verum
2027 1139 2109 1191 ae
2164 1118 2446 1211 proprie

316 1234 583 1309 dietum
623 1233 1052 1310 vicariatum
1106 1233 1620 1328 Apostolicum,
1660 1241 1949 1332 proprio
2004 1237 2449 1314 committen-

314 1354 486 1429 dum
537 1353 881 1443 Praesuli‚
938 1354 1338 1452 Apostoliea
1395 1353 1649 1431 Nostra
1708 1355 2141 1433 Auctoritate
2199 1370 2447 1433 tenore

317 1479 784 1569 praesentium
839 1479 1164 1569 erigimus
1221 1489 1292 1550 et
1351 1479 1871 1568 constituimus,
1910 1481 2159 1574 illique
2207 1476 2449 1554 Confi-

317 1600 538 1672 nioris
576 1595 996 1674 Calisorniae
1033 1602 1248 1692 vulgo
1299 1623 1332 1670 α
1383 1595 1612 1672 Bassa
1661 1594 2057 1698 Califomia
2100 1623 2135 1672 »
2198 1601 2449 1675 eadem

312 1715 758 1794 Auctoritate
813 1743 1068 1795 nomen
1121 1720 1434 1793 fecimus.
1479 1716 1935 1794 Decernimus
1991 1744 2201 1816 porro
2238 1744 2449 1815 prae-

317 1854 548 1915 sentes
603 1838 893 1916 Nostras
946 1840 1250 1916 Litteras
1326 1841 1560 1915 firmas
1639 1841 1907 1918 validas
1982 1858 2053 1917 et
2128 1841 2451 1916 efficaces

313 1965 619 2038 existere
673 1977 748 2038 et
800 1966 976 2050 fore,
1027 1985 1322 2056 suosque
1373 1965 1739 2056 plenarios
1792 1972 1864 2036 et
1919 1965 2225 2055 integros
2280 1964 2450 2038 effe-

313 2095 472 2160 etus
527 2084 761 2159 sortiri
816 2096 888 2156 et
944 2085 1283 2170 obtinere,
1321 2093 1396 2158 et
1460 2085 1604 2157 illis
1666 2085 1754 2156 ad
1808 2107 1988 2179 quos
2045 2095 2319 2180 spectat
2372 2086 2448 2158 in

313 2207 636 2281 omnibus
675 2217 746 2280 et
785 2229 910 2301 per
969 2207 1198 2281 omnia
1255 2207 1667 2300 plenissime
1726 2205 2145 2298 suffragari3
2202 2207 2447 2301 sieque

313 2329 390 2398 in
429 2326 828 2418 praemissis
885 2349 1008 2420 per
1069 2348 1557 2420 quoscumque
1595 2323 1875 2400 Iudices
1914 2327 2336 2412 ordinarios,
2377 2339 2449 2399 et

313 2447 671 2541 delegatos
747 2450 962 2522 etiam
1015 2444 1408 2522 Causarum
1471 2444 1727 2520 Palatii
1785 2442 2169 2540 Apostolici
2225 2443 2451 2521 Audi-

314 2576 502 2643 tores
560 2568 878 2659 iudicari,
917 2580 991 2643 et
1053 2569 1330 2642 definiri
1391 2569 1671 2654 debere,
1731 2590 1809 2642 ae
1864 2567 2142 2645 irritum
2183 2580 2254 2642 et
2293 2568 2455 2643 ina-

313 2712 404 2764 ne
461 2692 521 2765 si
578 2714 778 2766 secus
827 2714 1040 2785 super
1081 2693 1192 2763 his
1233 2713 1272 2763 a
1310 2712 1661 2786 quoquam
1718 2691 1968 2786 quavis
2022 2691 2447 2765 auctoritate

309 2813 648 2903 fungente
701 2814 1006 2887 scienter
1033 2862 1056 2901 ‚
1114 2814 1232 2888 vel
1291 2811 1702 2903 ignoranter
1764 2811 2139 2906 contigerit
2216 2821 2449 2914 attenj-

311 2934 478 3007 tari.
535 2928 690 3009 Non
745 2936 1213 3022 obstantibus,
1255 2945 1605 3031 quatenus
1644 2954 1821 3026 opus
1862 2931 1979 3019 sit,
2034 2926 2321 3015 Nostra,
2368 2941 2445 3003 et

309 3050 794 3129 Cancellariae
861 3052 1302 3149 Apostolieae
1375 3050 1652 3145 Regula
1732 3054 1815 3124 de
1894 3056 2050 3125 iure
2126 3054 2445 3145 quaesito

311 3196 452 3249 non
507 3176 844 3262 tollendo,
881 3176 1172 3269 aliisque
1235 3174 1522 3268 speciali
1580 3173 1750 3246 lieet
1803 3184 2011 3266 atque
2068 3174 2444 3249 individua

305 3298 660 3371 mentione
716 3296 942 3388 dignis
997 3294 1685 3388 Constitutionibus‚
1730 3307 1804 3367 et
1841 3290 2445 3393 ordinationibus,

303 3419 703 3512 ceterisque
757 3418 832 3490 in
885 3417 1312 3491 eontrarium
1367 3415 1797 3489 facientibus
1849 3413 2439 3509 quibuscumque.

522 3534 780 3612 Datum
815 3535 1078 3613 Romae
1135 3539 1324 3632 apud
1378 3533 1452 3609 S.
1494 3533 1789 3609 Petrum
1828 3538 1963 3611 sub
2000 3532 2287 3611 Annulo
2326 3533 2451 3609 Pi.

309 3662 607 3735 seatoris
683 3660 792 3733 die
855 3654 1010 3731 XX.
1071 3656 1380 3733 Ianuarii
1445 3653 2081 3732 MDCCCLxxlv.
2141 3655 2449 3735 Pontifi-

308 3796 512 3857 catus
568 3776 806 3856 Nostri
862 3778 1076 3855 Anno
1133 3776 1450 3853 xxvlu.

1173 4019 1254 4095 F.
1315 4020 1523 4097 Cano.
1587 4018 1955 4111 Asovmvs.

309 4260 510 4345 Loco
569 4270 688 4366 ᾖ·
719 4265 986 4345 Annuli
1036 4259 1418 4345 Piscatoris
