3292 5275
2269 486 2420 569 ssa
2550 592 2559 601 ¹

326 616 479 702 tuin
518 630 669 700 'fuit
724 648 869 699 rem
922 627 1179 701 iterum
1234 628 1615 699 detulimus.
1646 629 1735 699 ad
1763 624 2214 701 venerabiles
2253 624 2426 701 Fra-

329 761 469 821 tres
504 742 789 821 Nostros
840 745 916 819 S.
958 746 1045 819 R.
1084 744 1170 819 E.
1238 744 1647 822 Cardinales
1685 744 1991 838 Negotiis
2028 743 2426 840 Propagan-

326 869 477 939 dae·
510 860 708 940 Fidei
764 870 1223 962 praepositos,
1260 878 1668 962 attenteque
1723 866 2089 960 perpensis
2130 868 2426 941 rationi-

326 987 487 1072 bus,
518 990 691 1080 quae
722 990 810 1059 ah
862 978 1255 1061 memorato·
1286 984 1618 1061 Antistite
1657 988 2001 1061 adductae
2040 996 2234 1069 sunt,
2271 988 2424 1061 eius

329 1111 515 1183 votis
567 1109 1189 1182 obsecundandum
1244 1106 1822 1181 existimavimus.
1869 1102 2068 1195 Quae
2105 1125 2268 1181 cum
2327 1109 2428 1183 ita

326 1228 485 1313 sint,
543 1228 629 1301 de
683 1230 1087 1303 eorumdem
1141 1222 1670 1300 Venerabilium
1724 1224 2054 1300 Fratrum
2108 1227 2425 1312 consiliu,

328 1342 1091 1421 Auctoritatis-Nostra
1136 1346 1570 1439 Apostolica,
1633 1358 1874 1421 tenore
1951 1348 2426 1440 praesentium

324 1462 751 1541 vicariatum
806 1466 1293 1561 Apostolicum
1358 1492 1389 1537 α
1460 1464 1566 1539 De
1630 1463 1940 1540 Arizona
2002 1491 2034 1535 n
2100 1468 2174 1538 in
2242 1460 2427 1537 Foe-

326 1590 584 1663 deratis
623 1586 936 1663 Statibus
966 1582 1335 1661 Americae
1364 1585 1944 1681 Septentrionalis
1986 1589 2086 1661 ita
2131 1586 2430 1661 circum-

326 1711 721 1795 scribimus,
757 1722 835 1781 ut
890 1732 980 1781 ex
1036 1710 1245 1782 huius
1301 1698 1601 1780 nominis
1659 1708 2044 1797 territorio,
2075 1730 2157 1779 ex
2185 1702 2428 1779 Comi-

325 1841 509 1914 tatu,
569 1832 782 1921 vulgo
837 1832 1025 1902 dicto
1089 1854 1123 1899 ι(
1186 1824 1276 1901 El
1312 1824 1495 1899 Faso
1556 1850 1590 1894 2>
1658 1828 1730 1898 in
1769 1824 1977 1899 Statu
2027 1850 2060 1896 ε(
2112 1821 2339 1900 Teaeas
2383 1850 2418 1896 n

326 1962 397 2019 et
448 1972 531 2021 ex
582 1946 965 2034 Comitatu,
1024 1952 1230 2040 vulgo
1296 1973 1329 2017 «
1394 1943 1695 2019 Dov‘iana
1755 1969 1790 2014 »
1854 1948 1973 2041 qui
2029 1948 2270 2039 melius
2316 1946 2430 2016 in·-

327 2070 745 2143 ternoscitur
827 2073 1103 2141 nomine
1152 2096 1185 2139 «
1233 2064 1505 2142 Mesilla
1563 2065 1804 2165 Valley
1838 2092 1872 2135 t)
1946 2070 2022 2140 in
2079 2066 2427 2141 territorio

337 2211 369 2256 (ι
428 2189 593 2261 novi
646 2184 907 2263 Mexz'ci
964 2213 998 2257 ι)
1063 2200 1381 2262 constare
1437 2188 1714 2271 debeat,
1754 2209 1839 2259 ea
1887 2196 2114 2259 tamen
2160 2187 2314 2277 lege
2352 2197 2430 2258 ut

325 2302 597 2382 Tabula
670 2308 1211 2402 chorographica
1280 2310 1485 2380 istius
1560 2306 1866 2397 regionis
1925 2331 1964 2380 a
2020 2302 2429 2399 Metropoli-

327 2440 492 2499 tano
532 2429 1033 2515 subscribatur,
1071 2443 1142 2502 et
1187 2438 1609 2499 memoratae
1650 2422 2094 2518 Apostolicae
2130 2422 2428 2500 Nostrae

326 2542 633 2619 Litterae
690 2549 773 2619 ad
828 2548 1011 2619 hanc
1048 2546 1383 2621 Sanctam
1422 2544 1677 2619 Sedem
1726 2545 2200 2619 remittantur.
2240 2540 2430 2619 Haec

326 2669 719 2751 statuimuS,
778 2670 1205 2756 mandamus,
1263 2669 1693 2752 ordinamus,
1732 2669 2188 2740 decernentes
2231 2688 2432 2760 prae-

326 2799 557 2860 sentes
611 2784 909 2860 Litteras
964 2787 1227 2873 firmas‚
1260 2789 1563 2876 validas»,
1597 2777 1670 2860 et
1722 2791 2036 2860 efficaces
2092 2789 2425 2873 existere,

326 2928 407 2979 ac
463 2909 635 2993 fore,
695 2930 998 3003 suosque
1054 2910 1426 3002 plenariOS,
1460 2919 1531 2978 et
1585 2910 1898 3000 integros
1953 2907 2244 2980 effectus
2282 2928 2430 2980 sor-

322 3025 468 3111 tiri,
525 3039 598 3099 et
648 3029 989 3112 obtinere,
1046 3039 1118 3100 et
1173 3029 1309 3100 illis
1365 3029 1451 3098 ad
1505 3048 1684 3119 quos
1748 3037 2020 3120 spectat
2071 3027 2148 3098 in
2201 3028 2432 3098 omni-

324 3147 483 3230 huS,
538 3158 605 3217 et
662 3169 787 3239 per
842 3149 1065 3219 omnia
1119 3145 1505 3240 plenissime
1562 3143 1988 3235 suffragari3
2040 3143 2277 3238 sicque
2353 3146 2430 3216 in

325 3265 722 3358 praemissis
764 3289 886 3360 per
922 3288 1397 3360 quoscumque
1438 3263 1710 3338 ludices
1746 3265 2165 3349 ordinarioS,
2197 3275 2271 3337 et
2307 3264 2432 3337 de-

324 3383 583 3475 legatos
636 3387 849 3458 etiam
902 3382 1287 3461 Causarum
1342 3383 1595 3459 Palatii
1636 3383 2021 3478 Apostolici
2057 3381 2429 3458 Auditorcs

327 3503 649 3592 iudicari,
706 3518 779 3577 et
834 3506 1111 3578 definiri
1168 3507 1447 3590 debere,
1502 3527 1587 3578 ac
1639 3504 1920 3578 irritum
1976 3517 2049 3578 et
2103 3504 2316 3576 inane
2373 3501 2431 3576 si

324 3647 527 3697 secus
580 3647 793 3719 super
845 3627 953 3699 his
1008 3649 1045 3698 a
1100 3649 1453 3721 quoquam
1506 3628 1758 3721 quavis
1808 3628 2232 3701 auctoritate
2271 3626 2434 3698 fun-

326 3758 529 3836 gente
588 3748 890 3818 scienter
923 3796 944 3833 ,
1007 3750 1123 3821 vel
1183 3748 1577 3841 ignoranter
1630 3747 1996 3837 contigerit
2067 3744 2428 3817 attentari.

322 3859 477 3944 Non
535 3865 1007 3952 obstantibus,
1048 3879 1391 3962 quatenus
1431 3888 1609 3961 opus
1651 3867 1770 3954 sit,
1811 3861 2089 3949 Nostra,
2126 3876 2200 3938 et
2246 3862 2433 3937 Can-

324 3985 649 4059 cellariae
690 3978 1131 4078 Apostolicae
1172 3990 1410 4078 regula
1449 3989 1535 4059 de
1574 3987 1720 4058 iure
1758 3986 2075 4081 quaesito
2123 4005 2258 4057 non
2297 3982 2432 4056 tol-

322 4105 555 4193 lend0,
587 4107 883 4200 aliisque
938 4109 1225 4199 speciali
1282 4120 1495 4202 atque
1535 4107 1900 4180 individua
1939 4107 2288 4190 mentione
2327 4101 2432 4176 di-

327 4227 509 4317 gnis,
566 4247 697 4300 nec
754 4247 896 4299 non
954 4225 1265 4298 eiusdem
1322 4221 1716 4298 Vicariatus
1791 4251 1824 4296 ι(
1867 4221 1971 4299 De
2039 4221 2341 4297 Arizona
2385 4247 2420 4293 »

328 4347 543 4422 etiam
600 4347 1017 4432 iuramento,
1076 4345 1603 4420 confirmatione
1642 4343 2072 4440 Apostolica,
2103 4343 2216 4420 vel
2253 4365 2434 4440 qua-
