3292 5275
896 500 1045 585 134

1100 641 1191 717 Ut
1245 644 1415 719 ordo
1472 646 1603 720 iste
1659 660 1982 721 servetur
2016 698 2036 731 ,
2095 668 2180 721 ex
2217 645 2434 722 'cuius
2491 647 2998 742 tranquillitate

888 788 1023 861 pax
1056 768 1351 857 exurgit,
1386 788 1670 839 necesse
1707 780 1843 851 est,
1887 780 1963 839 ut
1994 771 2474 861 unusquisque
2529 790 2794 843 mernor
2829 792 3004 842 con-

886 884 1169 961 ditionis
1222 908 1388 961 suae
1444 886 1964 981 diligentissime
2021 899 2319 971 caveat,
2390 910 2480 961 ne
2547 890 2720 961 lin'es
2776 890 3006 961 eccle-

887 1005 1182 1079 siasticis
1216 1007 1483 1101 legibus
1524 1006 1656 1079 sibi
1707 1008 2160 1100 praestitutos
2201 1008 2776 1099 transgrediatur.
2809 1004 3007 1097 Qua-

889 1148 965 1200 re
1019 1124 1431 1200 Sacerdotes
1485 1139 1764 1221 oportet
1829 1151 1870 1201 a
1927 1129 2294 1200 mundanis
2333 1131 2523 1202 curis
2561 1130 2772 1222 plane
2828 1132 3006 1204 alie-

890 1269 1044 1330 noS‚
1076 1246 1335 1320 divinis
1374 1248 1780 1319 ministeriis
1809 1260 2025 1342 atque
2054 1250 2447 1323 animarum
2476 1250 2689 1324 saluti
2727 1270 3010 1343 semper

886 1388 1044 1441 esse
1098 1366 1405 1441 addictos
1436 1417 1461 1449 ‚
1514 1370 1806 1462 suisque
1857 1364 2227 1463 Episcopis
2281 1392 2364 1441 ea
2395 1417 2416 1453 ‚
2474 1391 2614 1463 qua
2671 1392 2800 1464 par
2853 1384 3007 1456 est,

890 1488 1285 1561 reverentia
1321 1488 1631 1561 obedire.
1665 1483 1989 1562 Monachi
2027 1492 2271 1572 etiam,
2303 1490 2425 1582 qui
2460 1490 2530 1562 in
2567 1492 3008 1584 professione

889 1630 1012 1682 sua
1066 1628 1304 1681 omnes
1359 1608 1617 1681 saeculi
1674 1628 1882 1681 curas
1939 1608 2376 1692 abdicarunt,
2425 1608 2687 1683 debent
2729 1611 3012 1686 omnino

892 1730 959 1802 in
1014 1742 1253 1803 sancta
1308 1729 1838 1803 conversatione
1893 1732 2076 1802 etin
2106 1730 2354 1803 habitu
2403 1724 2694 1803 Ordinis
2753 1732 2858 1803 sui
2897 1732 3012 1804 vi-

894 1871 1095 1935 vere,
1149 1863 1223 1924 ct
1274 1852 1346 1922 in
1386 1850 1830 1922 monasteriis
1869 1850 1988 1923 vel
2026 1848 2349 1942 hospitiis
2406 1852 2862 1946 tranquillam
2915 1853 3014 1923 in-

894 1970 1428 2065 taminatamque
1484 1969 1696 2042 vitam
1751 1990 1986 2061 agere,
2044 1992 2352 2063 suaeque
2406 1982 2479 2043 et
2533 1972 3012 2064 proximorum

892 2103 1223 2165 aeternae
1277 2090 1489 2164 saluti
1519 2110 1793 2184 semper
1827 2088 2266 2176 adlaborare‚
2325 2100 2605 2163 servata
2643 2112 2860 2185 quam
2898 2091 3018 2164 de-

894 2212 1066 2283 bent
1118 2208 1486 2306 Episcopis
1562 2207 1948 2283 reverentia
2005 2221 2217 2304 atque
2291 2209 2707 2284 obedientia.
2765 2206 2871 2283 Ea
2925 2212 3014 2284 de

896 2352 1107 2405 causa
1136 2331 1471 2434 salutares
1496 2331 1689 2423 leges
1717 2326 2465 2423 atquelnstructiones
2493 2330 2760 2406 iamdiu
2785 2329 3018 2403 editae

898 2454 1185 2527 luerunt
1240 2450 1326 2523 ab
1380 2452 1511 2523 hac
1564 2446 1640 2521 S.
1698 2446 1877 2522 Sede
1935 2470 2068 2543 pro
2123 2444 2480 2523 Monachis
2519 2448 3022 2524 Constantino-

900 2573 1039 2669 poli
1094 2570 1533 2666 degentibus,
1592 2590 1886 2665 quarum
1944 2568 2225 2643 initium
2285 2566 2704 2670 Complures
2762 2561 2900 2669 (l),
2952 2582 3024 2644 et

902 2691 1352 2792 compertum
1389 2704 1489 2763 est
1526 2684 1666 2789 (2):
1707 2713 1888 2785 quae
1927 2693 1986 2764 si
2020 2703 2348 2764 servatae
2388 2690 2693 2766 fuissent
2731 2693 3020 2765 minime

902 2815 1136 2889 dolere
1190 2832 1620 2904 cogeremur,
1677 2812 2022 2906 quosdam
2059 2832 2149 2884 ex
2190 2805 2568 2884 Monachis
2619 2811 2786 2906 ipsis
2835 2833 2876 2885 a
2915 2833 3027 2884 re-

900 2947 1015 3008 cto
1071 2935 1351 3008 tramite
1426 2933 1854 3005 discessisse.
1921 2928 2144 3004 Hasce
2203 2934 2446 3027 itaque
2521 2931 3026 3006 instructiones

904 3053 1163 3130 servari
1220 3053 1305 3126 ab
1360 3054 1684 3126 omnibus
1725 3054 1814 3126 ad
1865 3072 2044 3146 quos
2101 3054 2408 3144 pertinet
2461 3051 2774 3126 districtc
2806 3073 3024 3144 prae-

904 3177 1230 3269 cipimus,
1288 3169 1583 3268 'filiique
1638 3194 1816 3247 onus
1867 3171 2316 3264 iniungimuS,
2375 3183 2454 3245 ut
2509 3195 2638 3265 pro
2676 3167 2806 3244 Tui
2863 3193 3028 3245 mu·-

906 3297 1089 3369 neris
1152 3295 1375 3369 officio
1438 3313 1520 3365 ac
1586 3303 1934 3386 potestate
2021 3293 2430 3366 earumdem
2503 3291 3028 3366 observantiam

905 3417 1191 3490 omnino
1245 3435 1479 3488 cureS.

1115 3530 1436 3630 Denique
1474 3531 1848 3608 Laicorum
1896 3546 2146 3608 coetus
2176 3535 2252 3608 in
2283 3532 2512 3608 officio
2549 3555 2678 3607 suo
2713 3546 3027 3620 maneat,

908 3677 1137 3753 neque
1195 3657 1266 3729 in
1324 3654 1832 3728 ecclesiasticas
1885 3677 1996 3728 res
2051 3675 2142 3728 se
2184 3656 2329 3728 ullo
2365 3654 2574 3729 modo
2618 3653 3028 3728 immisceat.

906 3773 1171 3852 Eorum
1224 3777 1293 3848 in
1346 3771 1668 3848 Ecclesia
1722 3787 1832 3848 est
1887 3777 2127 3850 doceri
2189 3796 2336 3848 non
2375 3775 2654 3858 docere,
2698 3777 2842 3865 regi
2885 3797 3032 3848 non

908 3917 1192 3989 regere3
1246 3907 1317 3969 et
1368 3891 1724 3969 Ecclesiae
1761 3891 1892 3969 Dei
1950 3897 2122 3968 nihil
2179 3913 2508 3990 nmquam
2545 3903 2694 3966 tam
2729 3895 3032 3970 noxium

1068 4205 1152 4289 (1)
1196 4207 1493 4273 instruct.
1539 4208 1608 4274 S.
1664 4207 1734 4274 C.
1781 4211 1851 4272 do
1897 4207 2092 4290 Prop.
2141 4207 2295 4272 Fide
2335 4203 2416 4274 Ἄ)
2459 4177 2734 4290 Ᾰαςωειί
2771 4205 3036 4275 1842-

916 4315 1153 4382 Decret.
1197 4313 1466 4380 eiusdem
1502 4313 1585 4380 25
1634 4313 1878 4402 Aprilis
1915 4311 2094 4382 185⁰.

1069 4406 1153 4492 (2)
1194 4407 1434 4474 Decret-
1480 4407 1552 4474 S.
1606 4407 1676 4474 G.
1721 4411 1793 4474 de
1843 4405 2040 4491 Prop.
2089 4404 2247 4474 Fide
2283 4401 2366 4476 ᾗ)
2409 4407 2680 4491 Anqusu·
2719 4405 2903 4476 1853.
