3292 5275
750 477 907 557 386

1185 607 1297 672 111.
1346 608 1435 672 De
1459 607 1521 670 vi
1539 617 1593 672 et
1616 606 1864 671 ratione
1897 605 2224 670 Primam
2236 602 2510 669 Romani
2532 600 2704 668 Pon-

1144 701 1329 782 tificis
1376 748 1389 762 .
1560 748 1573 764 .
1747 745 1760 760 .
1931 743 1946 760 .
2117 743 2131 758 .
2303 743 2316 758 .
2487 743 2502 759 .
2671 719 2704 757 >i
2743 695 2856 762 211

1208 795 1317 860 IV.
1366 795 1456 860 Dc
1502 795 1775 861 Romani
1818 793 2146 874 Pomificis
2188 791 2522 873 infallibili
2560 790 2706 858 Ma-
2938 818 2963 826 *

1143 889 1405 972 pislerio
1739 936 1753 950 .
1925 935 1938 949 .
2035 905 2042 912 ·
2111 933 2124 948 .
2300 933 2312 948 .
2671 907 2704 944 n
2741 883 2862 952 214

751 1068 1035 1143 Litterae
1079 1077 1492 1160 Apostolicae
1554 1078 1676 1142 sub
1733 1075 1998 1139 Annulo
2053 1073 2398 1139 Piscatoris
2436 1107 2468 1120 -
2519 1071 2704 1150 Quod

834 1169 1147 1238 Catholici
1184 1171 1456 1235 nominis
1479 1203 1513 1219 ··
1536 1171 1639 1234 die
1667 1167 1748 1237 19
1781 1164 1952 1232 iulii.'
1995 1167 2180 1234 Nova
2221 1169 2531 1232 statuitur
2577 1171 2702 1229 cir-

827 1266 1238 1345 cumscriptio
1268 1265 1573 1328 territorii
1602 1267 1798 1328 trium
1828 1261 2295 1340 Vicariatuum,
2344 1278 2508 1342 quos
2548 1259 2692 1323 Bir-

827 1361 1074 1423 manica
1124 1359 1301 1438 regio
1344 1359 1819 1439 complectitur,
1865 1358 2184 1420 revocatis
2226 1356 2542 1419 similibus
2569 1353 2704 1417 Lit-

827 1453 981 1517 teris
1029 1452 1093 1514 in
1162 1451 1366 1514 forma
1424 1449 1646 1516 Brevis
1698 1444 1802 1514 die
1860 1448 1940 1515 27
1990 1450 2356 1513 novembris
2409 1445 2568 1514 1866
2623 1448 2702 1512 de

826 1546 1199 1610 eorumdem
1245 1543 1697 1609 Vlcariatuum
1743 1545 2054 1608 divisione
2097 1542 2262 1608 datis
2292 1589 2309 1604 .
2481 1589 2494 1604 .
2663 1563 2698 1601 n
2739 1538 2860 1606 219

751 1731 1007 1798 Similes
1057 1762 1089 1779 ·
1129 1733 1236 1797 Ex
1275 1731 1474 1796 debito
1518 1731 1888 1797 Pastoralis·
1921 1729 2115 1813 officii
2155 1765 2185 1778 ·
2225 1731 2328 1794 die
2369 1727 2452 1796 19
2509 1730 2704 1808 iulii,

827 1829 1063 1910 quihus
1092 1826 1317 1891 Missio
1345 1825 1672 1908 Bengalae
1721 1825 2072 1890 Orientalis
2103 1827 2166 1888 in
2215 1822 2699 1888 Praefecturam

829 1917 1267 2003 Apostolicam
1327 1922 1601 2001 erigitur
1742 1965 1756 1981 .
1927 1966 1940 1980 .
2111 1966 2124 1980 .
2297 1966 2311 1980 .
2354 1921 2410 1986 ,“
2481 1965 2494 1979 .
2663 1937 2696 1976 n
2737 1913 2858 1981 223

749 2108 1382 2175 Similes-Ecclesiae
1424 2109 1758 2172 universae
1787 2139 1816 2155 ·
1844 2109 1944 2172 die
1984 2103 2067 2172 22
2105 2108 2272 2186 iulii,
2316 2108 2550 2188 quibus
2589 2105 2702 2170 vi·

830 2205 1101 2267 cariatui
1133 2202 1511 2284 Apostolico
1542 2200 1985 2267 Cambodiensi
2021 2203 2152 2265 duo
2180 2202 2503 2265 adduntur
2553 2219 2704 2282 pro-

836 2298 1108 2374 vinciae,
1156 2313 1431 2376 quarum
1486 2295 1641 2359 fines
1692 2295 2140 2358 describuntur
2301 2314 2318 2329 ·
2489 2339 2502 2354 .
2672 2313 2706 2352 n
2743 2289 2864 2358 226

746 2481 999 2550 Similes
1040 2517 1072 2530 -
1112 2483 1423 2548 Ecclesiae
1466 2482 1797 2547 universae
1837 2517 1868 2530 -
1907 2484 2009 2548 die
2067 2480 2151 2548 22
2203 2483 2346 2545 iulii
2379 2526 2398 2559 ,
2468 2483 2703 2565 quibus

825 2584 1127 2643 accurate
1184 2581 1668 2643 constituuntur
1709 2579 1946 2645 limites
1999 2573 2366 2642 vicariatus
2426 2575 2704 2659 Aposto-

824 2674 933 2735 lici
993 2670 1333 2737 Siamensis
1371 2720 1384 2735 .
1556 2720 1569 2733 .
1742 2720 1754 2735 .
1927 2720 1940 2733 .
2111 2719 2125 2733 .
2296 2713 2311 2732 .
2482 2718 2496 2733 .
2668 2694 2700 2732 n
2739 2670 2862 2741 229

746 2860 999 2927 Similes
1044 2890 1074 2907 ·
1124 2859 1299 2937 Quae
1354 2861 1704 2925 christiano
1750 2861 1997 2925 nomini
2037 2889 2068 2908 ··
2106 2864 2208 2927 die
2267 2856 2349 2929 24
2417 2864 2696 2941 augusti.

828 2951 927 3019 De
969 2957 1465 3020 commutatione
1492 2958 1766 3021 nominis
1797 2956 2158 3021 vicariatus
2200 2956 2563 3037 Apostolici
2603 2953 2700 3019 De

836 3045 1171 3131 Dahomey
1229 3051 1290 3112 in
1344 3050 1681 3131 utriusque
1737 3047 2025 3114 Guineae
2079 3058 2318 3115 tractu.
2489 3097 2504 3113 .
2673 3074 2704 3112 2>
2745 3048 2856 3117 ‘231

746 3236 995 3302 Similes
1036 3266 1065 3285 ·
1117 3236 1291 3314 Quae
1335 3238 1720 3303 christianae
1760 3238 1854 3302 rei
1893 3270 1925 3285 ο
1965 3240 2066 3304 die
2093 3238 2553 3322 2septembriS.
2591 3238 2702 3302 Vi-

824 3334 1106 3396 cariatus
1147 3330 1560 3412 Apostolicus
1608 3332 1889 3397 Sinensis
1944 3336 2314 3415 provinciae
2360 3332 2458 3397 De
2510 3332 2701 3415 Hupe

824 3429 887 3489 in
916 3436 1045 3490 tres
1074 3426 1403 3489 distinctos
1432 3424 1800 3493 vicariatus
1843 3427 2170 3508 dividitur,
2215 3446 2570 3509 eorumque
2624 3430 2701 3492 li·

824 3521 1011 3582 mites
1065 3519 1481 3600 designantur
1554 3568 1567 3581 .
1740 3570 1752 3581 .
1927 3570 1940 3583 .
2113 3570 2126 3583 .
2300 3570 2313 3583 .
2487 3568 2500 3583 .
2593 3542 2602 3549 ·
2671 3544 2700 3579 >v
2739 3518 2859 3587 933

747 3704 1037 3771 Similes·
1058 3703 1231 3784 Quae
1259 3707 1597 3772 catholicae
1618 3708 1716 3773 rei
1731 3742 1763 3755 -
1781 3710 1882 3773 die
1902 3708 1982 3775 16
2003 3711 2402 3792 septembris.
2431 3707 2500 3773 ln
2527 3712 2698 3775 insu-

824 3802 891 3865 la
903 3794 1376 3868 TerraeNovae
1398 3803 1565 3866 duae
1588 3822 1794 3867 novae
1816 3803 2270 3869 Praefecturae
2287 3804 2697 3886 Apostolicae

826 3897 1189 3977 eriguntur,
1234 3897 1515 3960 terminis
1554 3898 1942 3961 dioecesium
1983 3896 2048 3961 S.
2081 3896 2334 3961 loannis
2363 3908 2429 3962 et
2465 3898 2700 3963 Portus

826 3986 1090 4054 Gratiae
1122 3990 1531 4070 aliquatenus
1556 3993 1926 4056 immutatis„
1963 3988 2206 4054 Earum
2234 3992 2346 4055 uni
2369 3990 2700 4057 aS.Geor—

826 4086 956 4167 gio,
995 4078 1183 4147 alteri
1222 4102 1258 4147 a
1300 4083 1632 4148 Placentia
1673 4102 1904 4149 nomen
1953 4086 2213 4150 inditur.
2261 4084 2439 4149 Haec
2483 4094 2700 4150 autern

828 4174 1179 4243 Sacrorum
1234 4177 1522 4244 Antistiti
1577 4178 1639 4245 S.
1690 4178 1943 4246 Ioannis
1983 4182 2048 4245 in
2091 4176 2703 4248 administrationem

829 4272 1083 4339 iuterim
1138 4268 1331 4339 datur
1372 4320 1387 4337 .
1557 4318 1572 4339 .
1744 4322 1758 4339 .
1929 4322 1943 4341 .
2115 4318 2132 4341 0
2299 4324 2316 4343 .
2485 4322 2504 4359 ,
2671 4298 2704 4341 n
2739 4274 2861 4347 236
