3292 5275
807 452 963 536 360

1019 591 1289 670 Civitas
1346 599 1692 692 siquidem
1743 595 2080 672 Medeam
2133 601 2374 673 multis
2440 601 2643 672 bodie
2701 602 2927 672 nomi-

808 717 1013 791 nihus
1068 721 1623 793 commendatur:
1682 721 2012 815 quamvis
2051 720 2240 793 enim
2291 720 2655 794 novissima
2707 719 2926 793 ferme

806 841 932 922 sit,
992 839 1163 913 adeo
1219 853 1449 914 tamen
1506 842 1796 913 adaucta
1853 841 2318 940 undequaque
2373 840 2560 914 illico
2615 854 2726 914 est
2759 891 2779 927 ,
2847 853 2926 913 ut

804 959 943 1033 iam
999 958 1257 1052 duplici
1314 962 1812 1054 propemodum
1849 963 2109 1034 civium
2167 984 2464 1036 numero
2523 983 2739 1055 super
2782 959 2928 1034 An-

808 1079 1137 1174 tioquiam
1175 1079 1501 1172 gaudeat3
1531 1093 1600 1153 et
1636 1081 1891 1155 effecta
1929 1083 2222 1178 insuper
2249 1083 2664 1176 provinciae
2704 1081 2926 1176 ipsius

806 1211 1044 1295 caput,
1084 1211 1229 1272 tum
1274 1202 1569 1293 probata
1610 1203 1792 1276 aeris
1841 1203 2248 1276 salubritate
2287 1197 2755 1300 (praesertim
2811 1223 2930 1274 ae-

809 1319 991 1395 stivo
1052 1317 1405 1419 tempore)
1476 1325 1891 1414 populorum
1956 1322 2394 1416 frequentin
2454 1337 2604 1397 tum
2665 1321 2932 1416 praeci-

807 1463 947 1534 pua
1004 1442 1439 1532 negotiorum
1477 1441 1818 1534 gestione,
1857 1440 2310 1538 Antioquiam
2359 1445 2584 1537 ipsam
2637 1445 2928 1517 omnino

810 1563 1207 1655 praecellat.
1268 1555 1589 1636 Tandem
1626 1557 2117 1635 Meddellensis
2157 1559 2428 1638 Civitas
2485 1565 2586 1637 ita
2641 1585 2932 1658 geogra-

808 1682 1015 1776 phice
1072 1682 1207 1756 sita
1262 1682 1714 1775 dignoscitur,
1757 1695 1833 1756 ut
1885 1683 2106 1756 media
2144 1683 2216 1754 in
2255 1685 2668 1758 dioecesano
2723 1685 2933 1756 terri-

810 1801 993 1875 torio
1048 1803 1187 1888 sit,
1243 1825 1462 1897 quum
1530 1805 1992 1898 caeteroquin
2047 1801 2420 1898 Antioquia
2483 1803 2752 1876 nonnisi
2806 1826 2934 1875 exa

813 1934 1067 1995 tremos
1126 1924 1471 2018 pertingat
1524 1922 1811 1996 limites.

1022 2037 1147 2114 His
1204 2045 1446 2136 igitur,
1506 2044 1802 2138 aliisque
1861 2044 1947 2117 de
2003 2045 2263 2129 causiS‚
2319 2067 2396 2118 re
2451 2058 2728 2118 mature
2783 2066 2934 2138 pcr-

814 2185 1059 2260 pensa,
1090 2185 1170 2236 ex
1208 2177 1401 2237 certa
1442 2167 1768 2248 scientia,
1801 2176 2132 2258 motuque
2173 2164 2397 2238 veluti
2437 2165 2720 2258 proprio
2754 2159 2936 2238 San-

812 2287 1015 2364 ctitas
1068 2282 1209 2360 Sua
1264 2286 1598 2380 supplens
1664 2305 2082 2360 consensum
2144 2305 2756 2380 quorumqumque
2813 2283 2935 2378 ‚in-

810 2418 1073 2482 teresse
1126 2406 1531 2481 habentium
1559 2454 1580 2491 ‚
1639 2407 1752 2478 vel
1809 2404 2332 2500 quomodolibet
2409 2405 2669 2478 habere
2727 2425 2936 2500 prae-

812 2529 1288 2613 sumentium,
1348 2528 1884 2600 translationem
1965 2521 2360 2600 Cathedrae
2429 2522 2878 2619 Episcopalis
2911 2575 2934 2610 ‚

814 2672 998 2751 quae
1038 2646 1452 2745 Antioquiae
1508 2647 1734 2721 fuerat
1789 2648 2190 2733 constituta,
2251 2646 2333 2719 ad
2389 2642 2935 2719 Meddellensem

813 2768 1195 2846 Civitatem
1252 2770 1633 2877 adprobare
1701 2769 1987 2859 dignata
2049 2780 2160 2841 est
2189 2790 2214 2855 3
2271 2779 2484 2861 atque
2551 2766 2709 2839 ideo
2763 2767 2935 2839 baec

815 2891 1048 2968 omnia
1103 2912 1279 2987 quae
1342 2900 1734 2985 sequuntur
1788 2888 1871 2961 de
1939 2882 2126 2962 Suae
2181 2884 2624 2983 Apostolicae
2693 2897 2940 2959 aucto-

817 3013 1041 3089 ritatis
1096 3010 1539 3109 plenitudiue
1608 3021 1946 3103 perpetuo
2030 3010 2104 3081 in
2171 3008 2472 3081 decretis
2549 3007 2934 3081 mandavit.

1033 3125 1099 3207 1.
1155 3128 1354 3221 Quae
1412 3131 1481 3201 in
1547 3128 1774 3205 civico
1831 3126 2083 3225 oppido
2137 3124 2564 3223 Antioquiac
2621 3124 2936 3201 Ecclesia

815 3275 1041 3349 usque
1097 3254 1317 3326 adbuc
1392 3251 2004 3325 cathedralitatem
2089 3250 2399 3322 obtinuit
2453 3271 2579 3342 per
2637 3245 2944 3343 Aposto-

818 3372 989 3451 licas
1044 3370 1351 3450 Litteras
1408 3372 1541 3447 suh
1599 3370 1893 3464 plumbo
1949 3393 2003 3443 s.
2045 3391 2142 3441 m.
2200 3364 2302 3441 Pii
2359 3365 2588 3464 Papae
2645 3364 2946 3460 Septimi

818 3492 958 3567 diei
1013 3494 1332 3585 vigesimi
1400 3490 1587 3567 tertii
1649 3488 1950 3583 Augusti
2006 3510 2196 3564 anno
2273 3490 2644 3563 millesimo
2711 3488 2944 3561 octiu-

816 3616 1207 3709 geutesimo
1262 3625 1515 3710 quarto
1550 3661 1571 3696 ,
1631 3614 1952 3707 aliasque
2016 3607 2468 3685 Summorum
2518 3607 2941 3683 Pontificum

820 3736 1301 3812 concessiones
1334 3784 1355 3819 ,
1414 3735 1702 3807 omnino
1777 3730 2252 3827 supprimatur
2307 3745 2379 3805 et
2435 3730 2944 3821 extinguatur,

820 3877 1098 3959 unaque
1152 3878 1313 3931 cum
1367 3854 1691 3931 omnibus
1729 3851 2015 3927 adnexis
2069 3850 2486 3935 honoribus,
2531 3849 2832 3933 iuribus,
2873 3860 2946 3921 et

818 3976 1229 4073 privilegiis;
1260 3995 1477 4073 eaque
1514 3974 1605 4049 ad
1644 3974 2078 4066 primaevum
2117 3983 2382 4046 statum
2419 3971 2764 4065 simplicis
2807 3964 2950 4043 Ec·-

822 4097 1101 4181 etesiae,
1154 4098 1395 4171 cadem
1451 4108 1686 4169 tamen
1741 4104 2159 4169 conservata
2215 4093 2325 4165 sui
2389 4086 2688 4165 nominis
2741 4089 2950 4161 invo-

722 4224 727 4229 ’
815 4217 1125 4305 catione,
1186 4217 1367 4293 illico
1424 4218 1868 4291 restituatur.

1034 4332 1109 4411 2.
1165 4333 1670 4411 Parochialitas
1708 4357 1904 4423 vero,
1936 4358 2118 4431 quae
2158 4338 2400 4409 forsan
2435 4333 2506 4407 in
2537 4332 2782 4407 eadem
2813 4324 2950 4403 Ec-
