3292 5275
856 472 1015 557 250

857 616 1153 689 honesta
1227 612 1619 711 Religiosae
1692 616 2026 693 Familiae
2081 624 2582 695 sustentatione
2661 614 2972 719 'nequeat

858 736 1195 809 dubitari.
1252 732 1453 825 Quae
1510 760 1666 811 cum
1719 738 1815 811 ita
1883 741 2054 825 sint,
2111 743 2394 814 nomine
2447 742 2661 815 etiam
2735 740 2980 817 Mona-

856 858 1167 942 chorum,
1225 869 1571 953 quotquot
1642 859 1718 932 in
1772 873 2158 935 memorato
2241 858 2664 937 Monasterio
2730 859 2976 937 Sancti

856 971 1200 1051 Meinradi
1256 979 1519 1069 degunt
1574 978 1924 1072 supplices
1979 974 2192 1053 Nobis
2245 1001 2492 1074 preces
2545 983 2730 1055 idem
2793 986 2978 1057 dile-

856 1107 1014 1170 ctus
1066 1096 1255 1173 filius
1308 1094 1543 1171 Abbas
1599 1098 1942 1180 adhibuit,
1997 1121 2135 1193 quo
2187 1100 2513 1174 firmitati
2593 1116 2807 1197 atque
2866 1106 2978 1177 in-

854 1228 1207 1291 cremento
1261 1219 1469 1293 huius
1524 1220 1750 1314 operis
1803 1221 2198 1305 consulere,
2257 1216 2679 1313 Apostolica·
2721 1236 2974 1298 aucto·-

857 1340 1066 1411 ritate
1102 1334 1355 1411 Nostra
1394 1339 1881 1431 dignaremur,
1939 1342 2175 1433 aptius
2213 1342 2556 1433 disposito
2611 1344 2974 1434 regimine,

782 1471 787 1479 ·
854 1459 1435 1553 quemadmodum
1489 1459 1575 1533 ad
1630 1458 1926 1533 aliorum
1982 1456 2228 1533 Sancti
2285 1456 2655 1535 Benedicti
2694 1460 2979 1537 Institu-

858 1592 1092 1653 torum
1162 1580 1421 1653 bonum
1497 1581 1920 1673 praestitum
1992 1592 2124 1654 est.
2183 1577 2326 1654 Nos
2399 1580 2610 1673 igitur
2673 1584 2790 1677 qui
2843 1605 2978 1678 pro

844 1688 1163 1793 'supremi
1216 1696 1672 1793 Apostolatus
1725 1722 2014 1773 munere
2069 1701 2257 1795 quod
2313 1703 2704 1793 fungimur,
2769 1706 2846 1777 in
2904 1704 2978 1776 id

857 1840 1063 1897 curas
1116 1818 1712 1913 cogitationesque
1747 1814 2042 1895 Nostras
2096 1822 2555 1908 intendimus,
2603 1836 2683 1897 ut
2719 1820 2980 1898 Catho-

852 1938 1067 2017 licum
1124 1959 1381 2016 nomen
1436 1943 1718 2015 ultimas
1771 1943 1990 2013 etiam
2049 1952 2280 2013 terrae
2335 1945 2569 2037 plagas
2610 1947 2978 2036 pervadat,

860 2074 1075 2153 atque
1128 2058 1501 2153 Evangelii
1556 2063 1714 2135 luce
1773 2062 2172 2147 collustret,
2213 2062 2510 2154 praefati
2563 2065 2802 2138 dilecti
2855 2064 2980 2138 filii

860 2176 1327 2256 Einsidlensis
1362 2178 1658 2253 Abbatis
1709 2181 2322 2255 obsecundandum
2376 2182 2556 2257 votis
2611 2186 2982 2258 existima—

860 2300 1116 2375 vimus.
1174 2296 1401 2391 Quam
1456 2302 1545 2373 ob
1600 2322 1751 2374 rem
1805 2301 2176 2386 omnibus,
2217 2324 2394 2397 quae
2449 2304 2748 2379 adducta
2785 2317 2978 2391 sunt,

862 2442 1025 2499 cum
1080 2416 1613 2495 Venerabilibus
1670 2418 2038 2495 Fratribus
2073 2418 2346 2496 Nostris
2383 2421 2686 2497 Sanctae
2722 2420 2982 2499 Roma·-

864 2561 997 2615 nae
1050 2538 1413 2617 Ecclesiae
1450 2536 1942 2615 Cardinalibus
1979 2542 2273 2633 negotiis
2310 2540 2810 2637 Propagandae
2851 2540 2980 2617 Fi-

863 2661 977 2736 dei
1032 2662 1439 2757 praepositis
1494 2662 1736 2737 sedulo
1792 2673 2203 2757 attenteque
2269 2665 2657 2756 perpensis,
2714 2666 2804 2738 de
2859 2687 2990 2738 eo-

865 2784 1181 2856 rumdem
1232 2778 1753 2856 venerabilium
1807 2777 2132 2856 Fratrum
2187 2782 2506 2872 consilio,
2547 2785 2748 2869 baec,
2791 2805 2982 2880 quae

867 2905 1054 2978 infra
1106 2905 1361 2998 scripta
1416 2914 1613 2988 sunt,
1649 2898 2051 2996 Apostolica
2087 2899 2340 2976 Nostra
2398 2907 2826 2979 auctoritate
2863 2905 2990 2978 de-

866 3025 1243 3101 crevimus.
1305 3022 1361 3096 1.
1400 3018 1908 3096 Monasterium
1965 3018 2211 3096 Sancti
2268 3019 2606 3097 Meinradi
2661 3027 2736 3098 in
2791 3027 2993 3099 dioe-

867 3147 1017 3220 cesi
1069 3140 1730 3238 Vincennopolitana
1793 3155 2072 3218 exstans
2133 3145 2210 3216 in
2264 3139 2636 3218 Abbatiam
2715 3145 2990 3242 absque

870 3266 1223 3340 territorio
1262 3267 1517 3339 nullius
1552 3263 1921 3350 dioecesiS,
1955 3265 2032 3340 vi
2071 3268 2586 3356 praesentium,
2621 3269 2984 3358 erigimus.

869 3384 959 3460 11.
990 3381 1305 3461 Monachi
1340 3385 1571 3460 cidem
1606 3382 1895 3465 addicti,
1927 3387 2041 3458 vel
2079 3382 2150 3457 in
2183 3399 2544 3478 posterum
2583 3367 2986 3473 addicendi,

870 3509 947 3582 in
987 3507 1403 3602 peculiarem
1438 3501 1724 3580 Ordinis
1778 3501 2022 3578 Sancti
2057 3501 2430 3579 Benedicti
2481 3503 2996 3599 Congregatio-

872 3649 1031 3702 nem
1084 3628 1217 3702 sub
1272 3625 1479 3702 titulo
1532 3620 2332 3700 Helveto-Americanae
2372 3629 2766 3702 coalescere
2824 3647 2994 3700 cen-

872 3758 1181 3824 seantur.
1238 3743 1359 3821 111.
1418 3741 1613 3820 Haec
1667 3742 2132 3840 Congregatio
2209 3759 2498 3840 praeter
2549 3767 2996 3822 communem

872 3867 1113 3945 Sancti
1166 3866 1531 3944 Benedicti
1586 3869 1894 3958 regulam
1950 3866 2410 3959 peculiaribus
2481 3878 2760 3960 regatur
2813 3889 2996 3942 con-

874 3971 1380 4076 stitutionibuS,
1416 4009 1599 4084 quae
1656 4009 1782 4082 pro
1819 3983 2392 4082 Congregatione
2427 3983 2998 4062 Helveto-Bene-

876 4111 1145 4184 dictina
1197 4110 1621 4203 approbatae
1673 4107 2018 4182 existunt.
2060 4104 2180 4182 IV.
2223 4100 2491 4185 Eadem
2525 4106 2996 4202 Congregatio

880 4231 1149 4307 adnexa
1206 4251 1329 4307 seu
1382 4225 1682 4328 affiliata
1747 4228 2092 4304 habeatur
2165 4229 2390 4302 dictae
2453 4226 2996 4322 Congregationi

876 4346 1744 4428 Helveto-Benedictinae.
1781 4344 1868 4422 V.
1897 4343 2190 4424 Abbatis
2219 4349 2468 4425 electio
2505 4342 2832 4444 Capitnlo
2861 4348 2998 4425 sub
