3292 5275
837 464 987 546 186

830 617 1024 689 runt,
1082 619 1155 679 et
1209 607 1381 680 lilios
1436 631 1602 681 suos
1657 610 1995 681 certiores
2054 612 2294 693 faciat,
2355 610 2760 683 firmissimo
2815 612 2956 683 niti

831 724 1276 802 fundamento
1314 728 1551 814 fidem,
1592 750 1805 823 quam
1861 728 2302 822 profitentur.
2344 724 2480 804 Cui
2531 731 2818 823 quidem
2855 741 2963 803 te·
3017 718 3026 725 ’

832 848 1160 921 stimonio
1216 848 1459 922 efficax
1514 849 1918 923 subsidium
1969 851 2247 922 accedit
2301 870 2390 921 ex
2447 870 2754 943 superna
2803 852 2963 925 vir-

833 978 1012 1039 tute.
1046 964 1335 1041 Etenim
1386 970 1926 1063 benignissimus
1979 965 2317 1041 Dominus
2347 983 2420 1041 et
2457 982 2776 1043 errantes
2803 994 2966 1062 gra-

834 1088 935 1160 tia
992 1110 1119 1162 sua
1175 1088 1437 1162 excitat
1476 1101 1690 1185 atque
1729 1092 2046 1178 adiuvat,
2085 1100 2164 1163 ut
2203 1092 2288 1163 ad
2333 1091 2752 1185 agnitionem
2781 1090 2970 1163 veri-

836 1206 1000 1279 tatis
1055 1209 1299 1281 venire
1339 1210 1601 1303 possint
1626 1232 1654 1298 3
1705 1223 1779 1283 et
1833 1231 1984 1292 eos,
2039 1233 2222 1305 quos
2263 1212 2348 1283 de
2389 1212 2706 1283 tenebris
2762 1220 2968 1283 tran-

828 1328 1029 1405 stulit
1054 1328 1125 1401 in
1154 1328 1561 1403 admirabile
1597 1333 1830 1405 lumen
1871 1352 2102 1417 suum,
2135 1331 2206 1402 in
2245 1332 2374 1405 hoc
2411 1333 2660 1405 eodem
2691 1333 2966 1405 lumine

833 1460 915 1520 ut
944 1462 1427 1542 perseverent,
1456 1451 1677 1543 gratia
1699 1474 1828 1527 sua
1855 1452 2252 1537 confirmat,
2279 1474 2417 1525 non
2446 1453 2802 1535 deserenS,
2824 1451 2966 1524 nisi

834 1571 1225 1643 deseratur.
1239 1566 1585 1659 Quocirca
1615 1574 1904 1646 minime
1937 1595 2058 1666 par
2091 1584 2198 1645 est
2227 1571 2526 1645 conditio
2551 1594 2818 1658 eorum,
2837 1580 2966 1667 qui

835 1710 960 1782 per
995 1691 1297 1764 caeleste
1318 1690 1475 1763 fidei
1488 1682 1758 1765 ‘donum
1775 1692 2152 1767 catholicae
2173 1691 2448 1765 veritati
2469 1694 2964 1777 adhaeserunt,

830 1823 1045 1905 =atque
1084 1833 1361 1898 eorum,
1398 1814 1517 1907 qui
1573 1814 1772 1888 ducti
1827 1814 2275 1906 opinionibus
2312 1812 2667 1898 humanis,
2707 1814 2964 1887 falsam

838 1932 1235 2025 religionem
1273 1945 1684 2022 sectantum
1739 1934 1846 2007 illi
1881 1936 2102 2017 enim,
2145 1935 2268 2028 qui
2307 1934 2516 2007 fidem
2554 1936 2684 2007 sub
2720 1931 2970 2009 Eccle-

838 2052 981 2128 siae
1036 2054 1437 2147 magiste1·io
1484 2065 1984 2149 susceperunt,
2023 2057 2294 2129 nullam
2347 2036 2962 2145 unquam‘hahere

838 2187 1131 2271 possunt
1168 2176 1427 2247 iustam
1460 2197 1752 2250 causam
1787 2177 2129 2259 mutandi,
2160 2186 2287 2248 aut
2322 2175 2396 2247 in
2424 2173 2714 2249 dubium
2753 2175 2968 2247 fidem

832 2295 1156 2377 ‚eamdem
1192 2297 1591 2371 revocandi.
1631 2293 1832 2386 Quae
1869 2317 2030 2371 cum
2086 2295 2182 2368 ita
2237 2297 2404 2379 sint,
2439 2297 2704 2386 gratias
2759 2318 2966 2389 agen-

841 2426 947 2488 tes
1000 2412 1152 2489 Deo
1196 2414 1420 2501 Patri,
1460 2417 1580 2513 qui
1624 2417 1866 2509 dignos
1925 2437 2055 2491 nos
2110 2415 2274 2488 fecit
2312 2417 2388 2489 in
2443 2426 2716 2510 partem
2753 2419 2968 2493 sortis

841 2548 1249 2611 sanctorum
1276 2539 1346 2609 in
1377 2539 1672 2619 lumine,
1727 2546 2002 2613 tantam
2032 2556 2120 2609 ne
2159 2536 2592 2629 negligamus
2631 2539 2966 2623 salutem,

842 2659 977 2732 sed.
1020 2659 1441 2753 aspicientes
1492 2658 1566 2730 in
1620 2669 1976 2730 auctorem
2027 2656 2185 2729 fidei
2213 2668 2284 2730 et
2323 2669 2968 2732 consummatorem

726 2873 731 2876 ¹
842 2773 1099 2864 lesum,
1156 2787 1523 2854 teneamus
1580 2781 1732 2871 spei
1771 2789 2058 2851 nostrae
2117 2778 2630 2852 contessionem
2679 2777 2970 2852 indecli-

843 2899 1177 2972 nabilem.

1665 3136 1971 3215 CAPUT
2028 3137 2145 3214 lv,
2241 3118 2250 3131 “

1516 3406 1597 3458 DE
1655 3407 1796 3456 ΗΒΕ
1853 3407 1934 3456 ΕΤ
1993 3407 2289 3458 amona.

1060 3621 1210 3699 Hoc
1248 3645 1525 3720 quoque
1566 3636 1946 3716 perpetuus
1977 3621 2338 3700 Ecclesiae
2393 3623 2781 3700 catholicae
2817 3647 2976 3698 con-

850 3770 1097 3826 sensus
1154 3744 1379 3822 tenuit
1430 3756 1505 3817 et
1558 3752 1756 3816 tenet
1788 3793 1812 3829 ‚
1865 3745 2219 3838 duplicem
2275 3767 2432 3820 esse
2487 3743 2801 3818 ordinem
2853 3769 2978 3820 eo-

852 3870 1206 3963 gnitioniS,
1264 3889 1403 3941 non
1442 3866 1696 3962 solum⁸
1717 3865 2089 3961 principio,
2140 3867 2259 3940 sed
2315 3865 2586 3942 obiecto
2619 3865 2834 3940 etiam
2868 3866 2978 3938 di-

850 3991 1222 4065 stinctum:
1279 3985 1617 4082 principio
1675 3989 1994 4082 quidem,
2056 3986 2230 4084 quia
2280 3987 2344 4059 in
2400 3992 2624 4062 altero
2669 3989 2976 4062 naturali

854 4111 1151 4196 ratione,
1208 4113 1285 4183 in
1338 4111 1561 4182 altero
1614 4107 1752 4184 fide
1807 4109 1875 4182 di
1888 4110 2058 4184 vina
2115 4109 2638 4206 cognoscimus;
2693 4111 2977 4184 obiecto

856 4242 1120 4315 autem,
1162 4229 1323 4326 quia
1378 4240 1652 4324 praeter
1689 4252 1802 4315 ea,
1835 4230 1924 4303 ad
1955 4251 2142 4326 quae
2197 4232 2540 4304 naturalis
2595 4232 2780 4303 ratio
2817 4253 2978 4325 per-

858 4354 1125 4450 tingere
1180 4361 1443 4446 potest,
1498 4352 1842 4424 credenda
1896 4351 2094 4426 nobis
2149 4363 2642 4446 proponuntur
2701 4363 2978 4446 myste-
