3292 5275
887 613 1328 687 chinationes
1383 636 1469 687 eo
1523 614 1841 709 spect'are
1870 664 1893 703 ,
1942 628 2024 691 ut
2064 614 2367 691 'deleant
2421 620 2612 693 illius
2667 622 3033 696 constitu-

889 735 1179 813 tionem,
1209 747 1278 806 et
1317 737 1604 809 vincula
1643 737 2003 831 frangant,
2032 760 2217 833 quae
2282 740 2577 832 populos
2620 736 3029 835 Episcopis‚

887 850 1280 947 Episcopus
1335 856 1755 939 devinciunt
1809 854 2077 931 Christi
2136 854 2436 933 Vicario.
2494 838 2713 935 Hune
2780 875 3031 937 autem

890 975 1050 1046 ideo
1107 976 1370 1047 ditione
1427 998 1555 1049 sua
1611 980 1993 1069 spoliatum
2050 981 2293 1065 fuisse,
2333 992 2414 1052 ut
2451 982 2721 1053 alienae
2780 983 3032 1053 subdi-

893 1106 1004 1166 tus
1061 1100 1394 1187 potestati
1437 1100 1839 1171 necessaria
1876 1100 2226 1189 regendae
2264 1100 2651 1173 catholicae
2701 1105 3029 1176 familiae

891 1216 1210 1288 libertate
1268 1218 1697 1309 privaretur,
1754 1230 1843 1291 et·
1881 1220 2041 1292 ideo
2096 1242 2263 1311 prae
2330 1222 2583 1314 ceteris
2626 1224 2902 1315 impeti,
2946 1234 3031 1293 ut

893 1362 1223 1433 percusso
1279 1352 1553 1433 pastore
1610 1341 2101 1434 dispergantur
2156 1362 2351 1413 oves.
2392 1337 2531 1415 Sed
2572 1364 3031 1436 ‚quamquam

893 1460 1018 1534 filii
1075 1461 1340 1534 sacculi
1396 1460 1887 1552 prudentiores
1922 1463 2087 1539 sint
2142 1462 2303 1534 filiis
2359 1464 2563 1549 lucis,
2622 1486 2863 1537 corum
2930 1479 3037 1537 ta-

896 1602 1060 1655 men
1115 1582 1390 1673 fraudes
1440 1594 1512 1653 et
1559 1582 1891 1655 violentia
1946 1584 2182 1655 minus
2240 1586 2537 1657 fortasse
2596 1586 3035 1677 proficerent

897 1704 1035 1773 nisi
1091 1703 1325 1785 multi,
1367 1703 1488 1795 qui
1529 1704 2036 1777 catholicorum
2076 1704 2354 1776 nomine
2394 1719 2801 1790 censentur,
2835 1711 3041 1779 ami-

898 1846 1054 1897 cam
1111 1827 1214 1897 eis
1271 1845 1556 1897 manum
1611 1826 2075 1919 porrigerent.
2106 1822 2263 1901 Non
2302 1826 2552 1899 desunt
2606 1828 2821 1913 enim,
2860 1831 3031 1921 qui,

902 1948 1126 2019 veluti
1183 1945 1416 2039 iugum
1473 1968 1630 2017 cum
1688 1946 1823 2017 illis
1878 1947 2210 2031 ducturi,
2270 1950 2667 2019 societatem
2732 1961 3033 2023 nectere

899 2081 1248 2142 conantur
1289 2070 1471 2139 inter
1507 2067 1733 2139 lucem
1772 2078 1845 2139 et
1886 2068 2212 2141 tenebras
2268 2090 2351 2141 ac
2406 2067 3037 2162 participationem

900 2190 1084 2275 inter
1141 2189 1480 2261 iustitiam
1534 2200 1606 2259 et
1652 2188 2109 2281 iniquitatem
2186 2210 2310 2281 per
2380 2188 2785 2272 doctrinas„
2844 2213 3035 2283 quas

901 2309 1142 2381 dicunt
1197 2305 1901 2383 catholico-liberales
1934 2356 1955 2393 ‚
2011 2330 2326 2402 quaeque
2403 2308 3036 2400 perniciosissimis

903 2432 1118 2501 fretae
1159 2430 1551 2523 principiis,
1593 2431 1811 2501 laicae
1850 2431 2182 2522 potestati
2224 2429 2611 2523 spiritualia
2649 2431 3036 2505 invadenti

902 2549 1364 2623 blandiuntur
1399 2599 1420 2636 ‚
1481 2552 1891 2644 animosque
1948 2548 2017 2621 in
2075 2550 2545 2644 obsequium,
2602 2562 2719 2621 aut
2771 2552 3037 2625 saltem

905 2674 1348 2746 tolerantiam
1407 2671 1995 2765 iniquissima-um
2054 2674 2285 2766 legum
2324 2673 2613 2764 perinde
2650 2672 3033 2759 inclinant,

905 2815 988 2866 ac
1017 2795 1076 2866 si
1117 2795 1458 2885 scriptum
1496 2813 1640 2866 non
1680 2805 1869 2865 esset
1903 2814 2109 2864 nemo
2140 2804 2367 2892 potest
2404 2789 2671 2864 dnobus
2699 2791 3039 2868 nonanis

902 2913 1192 2988 servire.
1233 2911 1324 2985 Hi
1377 2935 1548 2988 vero
1599 2914 2143 3006 periculosiores
2195 2916 2477 2986 omnino
2532 2927 2695 2986 sunt
2752 2927 2825 2986 et
2879 2919 3036 2988 exi-

906 3037 1232 3110 tiosiores
1287 3035 1548 3128 apertis
1603 3033 1945 3119 hostiliae,
2006 3047 2151 3106 tum
2206 3036 2371 3128 quia
2429 3035 2895 3120 inobservati‚
2954 3050 3035 3110 et

906 3162 1203 3230 fortasse
1241 3156 1452 3229 etiam
1509 3157 2041 3248 necopinanteS,
2092 3156 2373 3228 illorum
2410 3155 2773 3228 conatibus
2810 3158 3035 3230 obse-

905 3281 1270 3366 cundant3
1329 3275 1474 3351 tum
1525 3275 1693 3370 quia
1748 3277 1929 3346 intra
1987 3287 2213 3348 certos
2248 3277 2815 3368 improbatarum
2872 3281 3035 3371 opi-

907 3403 1197 3476 nionum
1249 3400 1502 3472 limites
1559 3399 2048 3478 consistentes,
2090 3398 2395 3490 speciem
2434 3398 2815 3490 quamdam
2855 3419 3035 3490 pro-

907 3522 1152 3594 bitatis
1207 3518 1652 3611 inculpabilis
1710 3519 2073 3590 doetrinae
2138 3517 2543 3610 praeferunt
2576 3567 2596 3601 ‚
2657 3539 2847 3611 quae
2906 3517 3037 3592 im-

911 3643 1292 3738 prudentes
1333 3637 1594 3712 alliciat
1631 3638 2139 3711 conciliationis
2189 3649 2567 3723 amatores,
2607 3651 2681 3710 et
2724 3640 3037 3732 decipiat

911 3767 1269 3847 honestos„
1307 3762 1430 3856 qui
1469 3761 1787 3852 apertum
1824 3761 2377 3832 adversarentur
2412 3779 2725 3830 errorem
2758 3783 2779 3829 ε
2818 3773 3039 3854 atque

913 3885 1010 3956 ita
1066 3883 1450 3956 dissociant
1503 3879 1803 3963 animos,
1846 3880 2189 3952 unitatem
2228 3879 2663 3972 discerpunt,
2702 3878 3041 3976 viresque

909 4005 1342 4078 coniunctim
1381 3998 1837 4094 opponendas
1876 4001 2299 4074 adversariis
2340 3999 2727 4072 infirmant.
2762 3997 3037 4074 Eorum

914 4119 1152 4200 tamen
1207 4124 1499 4196 insidias
1531 4122 1759 4195 'facile
1816 4143 1945 4196 vos
1996 4125 2231 4197 vitare
2304 4123 2629 4214 poteritis
2663 4173 2690 4211 ,
2742 4122 2803 4193 si
2862 4145 3037 4215 prae

915 4247 1137 4320 oeulis
1193 4243 1506 4338 habeatis
1543 4243 1857 4316 divinum
1894 4245 2243 4316 monitum
2278 4261 2371 4314 ex
2404 4241 2751 4341 fructibus
2786 4263 3035 4316 eorum

916 4363 1342 4462 coffnoseetis
1379 4385 1496 4437 eos
1523 4387 1558 4449 ‚⁰
1615 4365 1678 4436 si
1734 4363 2321 4436 animadvertatis
2375 4361 2561 4456 ipsos
2614 4364 3035 4436 stomachari
