3292 5275
1869 633 1968 708 111

1059 875 1141 950 In
1194 889 1555 971 posterum
1608 893 1779 952 vero
1835 891 1980 952 tum
2047 873 2550 978 praescriptum
2619 887 2988 982 multipli-

846 1019 1033 1083 cum,
1062 1010 1213 1070 tum
1242 1009 1548 1072 statutas
1582 997 1972 1073 solutiones
2011 1003 2344 1093 suspendi
2395 1007 2764 1078 mandavit
2801 1005 2984 1081 San-

848 1121 1055 1192 ctitas
1090 1115 1263 1203 Sua,
1296 1119 1543 1202 donec,
1586 1141 1716 1211 pro
1771 1121 2016 1192 relatis
2069 1132 2378 1214 quatuor
2405 1120 2970 1200 Canonicatuum

848 1261 1345 1331 suspensorum
1418 1241 1792 1324 fructibus,
1833 1260 1966 1312 nec
2029 1258 2174 1312 non
2243 1263 2370 1333 pro
2431 1245 2592 1316 aliis
2655 1243 2974 1340 Capituli

848 1361 1121 1434 avulsis
1154 1381 1193 1430 a
1214 1355 1577 1432 Gubernio
1606 1362 1835 1448 bonis,
1849 1381 2072 1455 aequa
2103 1365 2315 1434 fuerit
2333 1383 2424 1435 ex
2448 1367 2596 1459 lege
2619 1367 2706 1438 ab
2723 1368 2976 1441 codem

844 1485 1179 1558 attributa
1251 1486 1763 1576 compensatio,
1829 1495 1902 1556 et
1974 1496 2254 1575 peracta
2329 1487 2616 1559 solutio.
2675 1483 2974 1560 Interim

844 1629 1019 1680 vero
1066 1601 1391 1680 Vicarius
1446 1617 1519 1678 et
1570 1601 2050 1678 cancellarius
2104 1625 2236 1676 nec
2291 1625 2437 1678 non
2477 1603 2960 1680 cancellariae

845 1727 1196 1820 expensae
1248 1742 1339 1799 ex
1396 1725 1858 1819 proventibus
1919 1724 2229 1797 eiusdem
2279 1719 2758 1801 Cancellariae
2834 1727 2978 1802 Ar-

844 1848 1384 1942 chiepiscopalis
1438 1855 2008 1937 compensentur.

1849 2082 1947 2158 lv

1050 2323 1301 2419 Quoad
1353 2349 1567 2403 usum
1619 2350 1792 2402 vero
1857 2351 2208 2404 sacrorum
2261 2327 2780 2407 Pontificalium
2861 2337 2972 2406 fa-

842 2469 1015 2528 vore
1069 2448 1715 2544 Archipresbyteri,
1769 2451 2032 2544 primae
2087 2471 2334 2544 nempe
2413 2453 2778 2546 dignitatis
2831 2453 2972 2528 Ca-

840 2571 1047 2667 pituli
1100 2567 1542 2646 Cathedralis
1594 2568 2020 2658 BarolensiS,
2077 2565 2416 2645 Summus
2456 2568 2784 2647 Pontifex
2841 2575 2972 2649 de-

840 2694 1111 2767 clarare
1166 2694 1615 2786 indulgenter
1651 2695 1970 2787 dignatus
2009 2704 2117 2765 est
2153 2694 2562 2765 huiusmodi
2601 2695 2968 2792 privilegio

839 2814 945 2887 uti
997 2815 1191 2887 licite
1255 2836 1459 2908 posse
1526 2815 1615 2888 ad
1683 2834 1998 2887 normam
2054 2808 2706 2889 Protonotariorum
2774 2813 2968 2909 Apo-

838 2934 1246 3010 stolicorum
1299 2932 1505 3007 Urbis
1562 2936 1647 3007 de
1713 2954 2006 3007 numero
2079 2934 2678 3027 participantium,
2738 2938 2814 3009 in
2871 2935 2956 3009 iis

838 3068 1075 3132 tamen
1140 3056 1577 3130 solummodo
1651 3042 2210 3128 circumstantiis
2267 3052 2339 3125 in
2395 3057 2654 3151 quibus
2709 3053 2966 3130 Archi-

838 3178 1213 3274 presbyter
1274 3174 1669 3251 Canonicus
1749 3178 2034 3249 missam
2116 3174 2500 3249 solemnem
2590 3175 2966 3271 pontifica-

838 3320 916 3371 re
968 3296 1257 3370 debebit
1330 3308 1696 3391 praesente
1761 3294 2117 3390 Capitulo.
2187 3290 2419 3385 Quam
2484 3296 2770 3391 quidem
2835 3298 2962 3371 de-

840 3418 1294 3491 clarationem
1348 3419 1634 3493 extendi
1691 3420 1926 3494 voluit
1981 3420 2197 3491 etiam
2237 3416 2752 3491 Archidiacono
2819 3418 2966 3512 pri-

836 3560 995 3613 mae
1031 3540 1353 3635 dignitati
1382 3536 1696 3635 Capituli
1733 3536 2370 3635 Archiepiscopalis
2402 3534 2811 3612 Tranensis.

1857 3777 1922 3855 V

1046 4018 1319 4115 Quibus
1377 4020 1700 4099 omnibus
1754 4022 1854 4099 ita
1911 4044 1994 4098 cx
2057 4022 2482 4117 benignitate
2545 4017 2958 4096 Sanctitatis

836 4124 1051 4223 Suae·
1078 4146 1459 4241 dispositis,
1490 4154 1563 4219 et
1618 4146 2012 4234 declaratiS,
2052 4146 2260 4220 iussit
2295 4140 2565 4217 Eadem
2619 4144 2748 4216 hoc
2803 4142 2948 4232 cdi,

836 4268 1250 4364 vulgarique
1276 4264 1774 4341 ConsistoriaIe
1805 4262 2168 4341 Decretum
2206 4264 2496 4360 perinde
2537 4264 2947 4351 valiturum,

834 4411 921 4471 ac
974 4389 1035 4465 si
1088 4387 1162 4463 in
1216 4388 1287 4463 id
1341 4384 1654 4462 Litterae
1718 4384 2166 4483 Apostolieae
2221 4388 2371 4461 sive
2426 4386 2562 4461 sub
2625 4386 2941 4481 plumbo,
