<?xml version="1.0" encoding="UTF-8"?>
<!DOCTYPE html PUBLIC "-//W3C//DTD XHTML 1.0 Transitional//EN"
    "http://www.w3.org/TR/xhtml1/DTD/xhtml1-transitional.dtd">
<html xmlns="http://www.w3.org/1999/xhtml" xml:lang="en" lang="en">
 <head>
  <title>
</title>
<meta http-equiv="Content-Type" content="text/html;charset=utf-8" />
  <meta name='ocr-system' content='tesseract 3.04.00' />
  <meta name='ocr-capabilities' content='ocr_page ocr_carea ocr_par ocr_line ocrx_word'/>
</head>
<body>
  <div class='ocr_page' id='page_1' title='image "./piiixpontificis01ixgoog_0529.png"; bbox 0 0 3292 5275; ppageno 0'>
   <div class='ocr_carea' id='block_1_1' title="bbox 2246 482 2403 566">
    <p class='ocr_par' dir='ltr' id='par_1_1' title="bbox 2246 482 2403 566">
     <span class='ocr_line' id='line_1_1' title="bbox 2246 482 2403 566; baseline 0.013 -2"><span class='ocrx_word' id='word_1_1' title='bbox 2246 482 2403 566; x_wconf 78' lang='lat'><strong>135</strong></span> 
     </span>
    </p>
   </div>
   <div class='ocr_carea' id='block_1_2' title="bbox 285 622 2427 4112">
    <p class='ocr_par' dir='ltr' id='par_1_2' title="bbox 285 622 2411 1183">
     <span class='ocr_line' id='line_1_2' title="bbox 295 622 2407 720; baseline -0.002 -21"><span class='ocrx_word' id='word_1_2' title='bbox 295 638 442 700; x_wconf 83' lang='lat' dir='ltr'><strong>tare</strong></span> <span class='ocrx_word' id='word_1_3' title='bbox 495 647 676 720; x_wconf 86' lang='lat' dir='ltr'><strong>opus</strong></span> <span class='ocrx_word' id='word_1_4' title='bbox 729 638 838 698; x_wconf 87' lang='lat' dir='ltr'><strong>cst</strong></span> <span class='ocrx_word' id='word_1_5' title='bbox 891 628 1090 701; x_wconf 83' lang='lat' dir='ltr'><strong>iuxta</strong></span> <span class='ocrx_word' id='word_1_6' title='bbox 1147 636 1585 720; x_wconf 83' lang='lat' dir='ltr'><strong>praeceptum</strong></span> <span class='ocrx_word' id='word_1_7' title='bbox 1641 622 2006 717; x_wconf 83' lang='lat' dir='ltr'><strong>Apostoli3</strong></span> <span class='ocrx_word' id='word_1_8' title='bbox 2060 634 2135 697; x_wconf 85' lang='lat' dir='ltr'><strong>et</strong></span> <span class='ocrx_word' id='word_1_9' title='bbox 2186 624 2407 697; x_wconf 86' lang='lat' dir='ltr'><strong>nemi·-</strong></span> 
     </span>
     <span class='ocr_line' id='line_1_3' title="bbox 285 742 2405 837; baseline -0.001 -18"><span class='ocrx_word' id='word_1_10' title='bbox 285 768 446 819; x_wconf 87' lang='lat' dir='ltr'><strong>ncm</strong></span> <span class='ocrx_word' id='word_1_11' title='bbox 501 746 754 821; x_wconf 83' lang='lat' dir='ltr'><strong>talibus</strong></span> <span class='ocrx_word' id='word_1_12' title='bbox 829 746 1464 819; x_wconf 76' lang='lat' dir='ltr'><strong>communicantem</strong></span> <span class='ocrx_word' id='word_1_13' title='bbox 1553 745 1644 817; x_wconf 80' lang='lat' dir='ltr'><strong>ad</strong></span> <span class='ocrx_word' id='word_1_14' title='bbox 1709 756 2036 817; x_wconf 79' lang='lat' dir='ltr'><strong>‘vestrum</strong></span> <span class='ocrx_word' id='word_1_15' title='bbox 2092 742 2405 837; x_wconf 86' lang='lat' dir='ltr'><strong>recipere</strong></span> 
     </span>
     <span class='ocr_line' id='line_1_4' title="bbox 285 864 2411 962; baseline -0.002 -21"><span class='ocrx_word' id='word_1_16' title='bbox 285 868 600 961; x_wconf 80' lang='lat' dir='ltr'><strong>qualibet</strong></span> <span class='ocrx_word' id='word_1_17' title='bbox 655 868 1108 962; x_wconf 67' lang='lat' dir='ltr'><strong>subreptione</strong></span> <span class='ocrx_word' id='word_1_18' title='bbox 1163 868 1617 947; x_wconf 88' lang='lat' dir='ltr'><strong>consortium,</strong></span> <span class='ocrx_word' id='word_1_19' title='bbox 1661 864 1767 939; x_wconf 87' lang='lat' dir='ltr'><strong>uti</strong></span> <span class='ocrx_word' id='word_1_20' title='bbox 1804 866 2145 939; x_wconf 87' lang='lat' dir='ltr'><strong>hactenus</strong></span> <span class='ocrx_word' id='word_1_21' title='bbox 2201 886 2411 959; x_wconf 86' lang='lat' dir='ltr'><strong>prae-</strong></span> 
     </span>
     <span class='ocr_line' id='line_1_5' title="bbox 287 984 2409 1083; baseline 0 -24"><span class='ocrx_word' id='word_1_22' title='bbox 287 987 468 1061; x_wconf 82' lang='lat' dir='ltr'><strong>clare</strong></span> <span class='ocrx_word' id='word_1_23' title='bbox 519 998 1064 1083; x_wconf 79' lang='lat' dir='ltr'><strong>constanterque</strong></span> <span class='ocrx_word' id='word_1_24' title='bbox 1114 988 1412 1073; x_wconf 75' lang='lat' dir='ltr'><strong>fecisti3‚</strong></span> <span class='ocrx_word' id='word_1_25' title='bbox 1473 998 1550 1059; x_wconf 89' lang='lat' dir='ltr'><strong>ut</strong></span> <span class='ocrx_word' id='word_1_26' title='bbox 1615 985 2023 1059; x_wconf 78' lang='lat' dir='ltr'><strong>catholicam</strong></span> <span class='ocrx_word' id='word_1_27' title='bbox 2077 984 2281 1060; x_wconf 83' lang='lat' dir='ltr'><strong>fidem</strong></span> <span class='ocrx_word' id='word_1_28' title='bbox 2336 988 2409 1060; x_wconf 87' lang='lat' dir='ltr'><strong>in</strong></span> 
     </span>
     <span class='ocr_line' id='line_1_6' title="bbox 287 1096 2295 1183; baseline -0.003 0"><span class='ocrx_word' id='word_1_29' title='bbox 287 1109 616 1183; x_wconf 82' lang='lat' dir='ltr'><strong>cordibus</strong></span> <span class='ocrx_word' id='word_1_30' title='bbox 671 1110 930 1182; x_wconf 84' lang='lat' dir='ltr'><strong>vestris</strong></span> <span class='ocrx_word' id='word_1_31' title='bbox 983 1109 1465 1183; x_wconf 79' lang='lat' dir='ltr'><strong>intemeratam</strong></span> <span class='ocrx_word' id='word_1_32' title='bbox 1523 1106 1851 1183; x_wconf 85' lang='lat' dir='ltr'><strong>servetis.</strong></span> <span class='ocrx_word' id='word_1_33' title='bbox 2287 1096 2295 1108; x_wconf 79' lang='grc'><strong><em>’</em></strong></span> 
     </span>
    </p>

    <p class='ocr_par' dir='ltr' id='par_1_3' title="bbox 292 1220 2427 4112">
     <span class='ocr_line' id='line_1_7' title="bbox 299 1220 2413 1322; baseline 0.001 -23"><span class='ocrx_word' id='word_1_34' title='bbox 299 1256 310 1299; x_wconf 89' lang='lat'>:</span> <span class='ocrx_word' id='word_1_35' title='bbox 393 1220 522 1303; x_wconf 87' lang='lat'><strong>51.</strong></span> <span class='ocrx_word' id='word_1_36' title='bbox 587 1253 626 1301; x_wconf 70' lang='grc' dir='ltr'><strong>(ι</strong></span> <span class='ocrx_word' id='word_1_37' title='bbox 667 1226 808 1302; x_wconf 86' lang='lat' dir='ltr'><strong>Sed</strong></span> <span class='ocrx_word' id='word_1_38' title='bbox 843 1250 1076 1322; x_wconf 87' lang='lat' dir='ltr'><strong>neque</strong></span> <span class='ocrx_word' id='word_1_39' title='bbox 1111 1252 1245 1303; x_wconf 86' lang='lat' dir='ltr'><strong>vos</strong></span> <span class='ocrx_word' id='word_1_40' title='bbox 1281 1231 1655 1322; x_wconf 82' lang='lat' dir='ltr'><strong>quisquam</strong></span> <span class='ocrx_word' id='word_1_41' title='bbox 1694 1227 2206 1301; x_wconf 86' lang='lat' dir='ltr'><strong>circumvenire</strong></span> <span class='ocrx_word' id='word_1_42' title='bbox 2254 1250 2413 1321; x_wconf 86' lang='lat' dir='ltr'><strong>per-</strong></span> 
     </span>
     <span class='ocr_line' id='line_1_8' title="bbox 293 1341 2410 1449; baseline 0.001 -30"><span class='ocrx_word' id='word_1_43' title='bbox 293 1373 334 1419; x_wconf 73' lang='lat'>»</span> <span class='ocrx_word' id='word_1_44' title='bbox 401 1362 648 1439; x_wconf 84' lang='lat' dir='ltr'><strong>tentet,</strong></span> <span class='ocrx_word' id='word_1_45' title='bbox 687 1352 790 1423; x_wconf 87' lang='lat' dir='ltr'><strong>uti</strong></span> <span class='ocrx_word' id='word_1_46' title='bbox 820 1352 1248 1425; x_wconf 79' lang='lat' dir='ltr'><strong>aveteribus</strong></span> <span class='ocrx_word' id='word_1_47' title='bbox 1302 1350 1769 1423; x_wconf 79' lang='lat' dir='ltr'><strong>schismaticis</strong></span> <span class='ocrx_word' id='word_1_48' title='bbox 1822 1348 2083 1421; x_wconf 79' lang='lat' dir='ltr'><strong>factum</strong></span> <span class='ocrx_word' id='word_1_49' title='bbox 2136 1362 2247 1424; x_wconf 89' lang='lat' dir='ltr'><strong>est</strong></span> <span class='ocrx_word' id='word_1_50' title='bbox 2272 1341 2410 1449; x_wconf 89' lang='lat'><strong>(1),</strong></span> 
     </span>
     <span class='ocr_line' id='line_1_9' title="bbox 294 1466 2407 1571; baseline 0.001 -28"><span class='ocrx_word' id='word_1_51' title='bbox 294 1496 332 1543; x_wconf 81' lang='lat'><strong>»</strong></span> <span class='ocrx_word' id='word_1_52' title='bbox 391 1472 582 1565; x_wconf 83' lang='lat' dir='ltr'><strong>quod</strong></span> <span class='ocrx_word' id='word_1_53' title='bbox 635 1473 872 1571; x_wconf 80' lang='lat' dir='ltr'><strong>dicant</strong></span> <span class='ocrx_word' id='word_1_54' title='bbox 907 1492 1046 1571; x_wconf 78' lang='lat' dir='ltr'><strong>non</strong></span> <span class='ocrx_word' id='word_1_55' title='bbox 1109 1468 1198 1543; x_wconf 85' lang='lat' dir='ltr'><strong>de</strong></span> <span class='ocrx_word' id='word_1_56' title='bbox 1232 1468 1570 1566; x_wconf 58' lang='lat' dir='ltr'><strong>religione</strong></span> <span class='ocrx_word' id='word_1_57' title='bbox 1593 1466 1729 1542; x_wconf 65' lang='lat' dir='ltr'><strong>sed</strong></span> <span class='ocrx_word' id='word_1_58' title='bbox 1764 1466 1853 1541; x_wconf 85' lang='lat' dir='ltr'><strong>de</strong></span> <span class='ocrx_word' id='word_1_59' title='bbox 1889 1468 2203 1545; x_wconf 81' lang='lat' dir='ltr'><strong>moribus</strong></span> <span class='ocrx_word' id='word_1_60' title='bbox 2258 1492 2407 1546; x_wconf 72' lang='lat' dir='ltr'><strong>esse</strong></span> 
     </span>
     <span class='ocr_line' id='line_1_10' title="bbox 293 1588 2415 1685; baseline 0.003 -26"><span class='ocrx_word' id='word_1_61' title='bbox 293 1614 334 1659; x_wconf 61' lang='lat' dir='ltr'><strong>a</strong></span> <span class='ocrx_word' id='word_1_62' title='bbox 398 1602 754 1667; x_wconf 69' lang='lat' dir='ltr'><strong>certamen</strong></span> <span class='ocrx_word' id='word_1_63' title='bbox 775 1640 798 1679; x_wconf 92' lang='lat'><strong>,</strong></span> <span class='ocrx_word' id='word_1_64' title='bbox 853 1594 977 1669; x_wconf 81' lang='lat' dir='ltr'><strong>vel</strong></span> <span class='ocrx_word' id='word_1_65' title='bbox 1025 1588 1506 1685; x_wconf 86' lang='lat' dir='ltr'><strong>Apostolicam</strong></span> <span class='ocrx_word' id='word_1_66' title='bbox 1557 1588 1825 1663; x_wconf 77' lang='lat' dir='ltr'><strong>‘Se&#39;dem</strong></span> <span class='ocrx_word' id='word_1_67' title='bbox 1910 1612 2051 1663; x_wconf 89' lang='lat' dir='ltr'><strong>non</strong></span> <span class='ocrx_word' id='word_1_68' title='bbox 2130 1612 2415 1665; x_wconf 79' lang='lat' dir='ltr'><strong>causam</strong></span> 
     </span>
     <span class='ocr_line' id='line_1_11' title="bbox 297 1712 2417 1807; baseline 0 -22"><span class='ocrx_word' id='word_1_69' title='bbox 297 1736 334 1785; x_wconf 72' lang='grc' dir='ltr'><strong>ιο</strong></span> <span class='ocrx_word' id='word_1_70' title='bbox 395 1714 906 1787; x_wconf 81' lang='lat' dir='ltr'><strong>communionis</strong></span> <span class='ocrx_word' id='word_1_71' title='bbox 960 1714 1344 1786; x_wconf 85' lang='lat' dir='ltr'><strong>catholicae</strong></span> <span class='ocrx_word' id='word_1_72' title='bbox 1395 1712 1703 1807; x_wconf 85' lang='lat' dir='ltr'><strong>fideique</strong></span> <span class='ocrx_word' id='word_1_73' title='bbox 1760 1718 2093 1797; x_wconf 84' lang='lat' dir='ltr'><strong>tractare,</strong></span> <span class='ocrx_word' id='word_1_74' title='bbox 2136 1713 2259 1785; x_wconf 89' lang='lat' dir='ltr'><strong>sed</strong></span> <span class='ocrx_word' id='word_1_75' title='bbox 2312 1712 2417 1786; x_wconf 76' lang='lat' dir='ltr'><strong>in·</strong></span> 
     </span>
     <span class='ocr_line' id='line_1_12' title="bbox 296 1826 2417 1932; baseline 0.001 -27"><span class='ocrx_word' id='word_1_76' title='bbox 296 1858 336 1905; x_wconf 81' lang='lat'><strong>»</strong></span> <span class='ocrx_word' id='word_1_77' title='bbox 401 1834 658 1909; x_wconf 86' lang='lat' dir='ltr'><strong>iuriam</strong></span> <span class='ocrx_word' id='word_1_78' title='bbox 712 1835 950 1909; x_wconf 89' lang='lat' dir='ltr'><strong>dolere</strong></span> <span class='ocrx_word' id='word_1_79' title='bbox 977 1882 999 1920; x_wconf 91' lang='lat'>‚</span> <span class='ocrx_word' id='word_1_80' title='bbox 1057 1856 1186 1909; x_wconf 86' lang='lat' dir='ltr'><strong>cur</strong></span> <span class='ocrx_word' id='word_1_81' title='bbox 1240 1835 1572 1907; x_wconf 86' lang='lat' dir='ltr'><strong>videatur</strong></span> <span class='ocrx_word' id='word_1_82' title='bbox 1626 1833 1710 1905; x_wconf 81' lang='lat' dir='ltr'><strong>ab</strong></span> <span class='ocrx_word' id='word_1_83' title='bbox 1772 1826 1929 1932; x_wconf 89' lang='lat' dir='ltr'><strong>(eis)</strong></span> <span class='ocrx_word' id='word_1_84' title='bbox 1980 1834 2199 1907; x_wconf 77' lang='lat' dir='ltr'><strong>fuisse</strong></span> <span class='ocrx_word' id='word_1_85' title='bbox 2252 1856 2417 1908; x_wconf 85' lang='lat' dir='ltr'><strong>eon-</strong></span> 
     </span>
     <span class='ocr_line' id='line_1_13' title="bbox 299 1954 2414 2050; baseline 0.002 -27"><span class='ocrx_word' id='word_1_86' title='bbox 299 1974 334 2023; x_wconf 70' lang='lat' dir='ltr'><strong>n</strong></span> <span class='ocrx_word' id='word_1_87' title='bbox 400 1965 718 2049; x_wconf 80' lang='lat' dir='ltr'><strong>tempta3</strong></span> <span class='ocrx_word' id='word_1_88' title='bbox 771 1957 1102 2050; x_wconf 86' lang='lat' dir='ltr'><strong>quoniam</strong></span> <span class='ocrx_word' id='word_1_89' title='bbox 1175 1956 1350 2028; x_wconf 84' lang='lat' dir='ltr'><strong>haec</strong></span> <span class='ocrx_word' id='word_1_90' title='bbox 1421 1966 1492 2025; x_wconf 85' lang='lat' dir='ltr'><strong>et</strong></span> <span class='ocrx_word' id='word_1_91' title='bbox 1557 1954 2015 2034; x_wconf 78' lang='lat' dir='ltr'><strong>huiusmodi,</strong></span> <span class='ocrx_word' id='word_1_92' title='bbox 2069 1964 2414 2047; x_wconf 83' lang='lat' dir='ltr'><strong>quatenus</strong></span> 
     </span>
     <span class='ocr_line' id='line_1_14' title="bbox 296 2075 2415 2171; baseline 0 -24"><span class='ocrx_word' id='word_1_93' title='bbox 296 2098 332 2147; x_wconf 69' lang='lat' dir='ltr'><strong>n</strong></span> <span class='ocrx_word' id='word_1_94' title='bbox 395 2076 732 2170; x_wconf 85' lang='lat' dir='ltr'><strong>simplices</strong></span> <span class='ocrx_word' id='word_1_95' title='bbox 785 2082 1096 2171; x_wconf 81' lang='lat' dir='ltr'><strong>&#39;quosque</strong></span> <span class='ocrx_word' id='word_1_96' title='bbox 1133 2077 1512 2170; x_wconf 82' lang='lat' dir='ltr'><strong>decipiant,</strong></span> <span class='ocrx_word' id='word_1_97' title='bbox 1549 2076 1622 2147; x_wconf 89' lang='lat' dir='ltr'><strong>hi</strong></span> <span class='ocrx_word' id='word_1_98' title='bbox 1660 2076 1782 2167; x_wconf 88' lang='lat' dir='ltr'><strong>qui</strong></span> <span class='ocrx_word' id='word_1_99' title='bbox 1832 2075 1907 2145; x_wconf 92' lang='lat' dir='ltr'><strong>in</strong></span> <span class='ocrx_word' id='word_1_100' title='bbox 1944 2096 2183 2148; x_wconf 88' lang='lat' dir='ltr'><strong>errore</strong></span> <span class='ocrx_word' id='word_1_101' title='bbox 2245 2086 2415 2151; x_wconf 74' lang='lat' dir='ltr'><strong>suat</strong></span> 
     </span>
     <span class='ocr_line' id='line_1_15' title="bbox 297 2189 2417 2292; baseline 0 -23"><span class='ocrx_word' id='word_1_102' title='bbox 297 2219 334 2277; x_wconf 63' lang='lat' dir='ltr'><strong>p</strong></span> <span class='ocrx_word' id='word_1_103' title='bbox 399 2196 612 2289; x_wconf 84' lang='lat' dir='ltr'><strong>positi</strong></span> <span class='ocrx_word' id='word_1_104' title='bbox 654 2219 982 2292; x_wconf 78' lang='lat' dir='ltr'><strong>spargere</strong></span> <span class='ocrx_word' id='word_1_105' title='bbox 1021 2218 1161 2271; x_wconf 90' lang='lat' dir='ltr'><strong>non</strong></span> <span class='ocrx_word' id='word_1_106' title='bbox 1197 2198 1589 2291; x_wconf 81' lang='lat' dir='ltr'><strong>quiescunt.</strong></span> <span class='ocrx_word' id='word_1_107' title='bbox 1636 2218 1673 2265; x_wconf 73' lang='lat' dir='ltr'><strong>n</strong></span> <span class='ocrx_word' id='word_1_108' title='bbox 1720 2189 2170 2269; x_wconf 77' lang='lat' dir='ltr'><strong>Manifestum</strong></span> <span class='ocrx_word' id='word_1_109' title='bbox 2226 2198 2417 2269; x_wconf 89' lang='lat' dir='ltr'><strong>enim</strong></span> 
     </span>
     <span class='ocr_line' id='line_1_16' title="bbox 293 2316 2419 2411; baseline 0 -22"><span class='ocrx_word' id='word_1_110' title='bbox 293 2318 437 2391; x_wconf 82' lang='lat' dir='ltr'><strong>iam</strong></span> <span class='ocrx_word' id='word_1_111' title='bbox 494 2327 607 2390; x_wconf 89' lang='lat' dir='ltr'><strong>est</strong></span> <span class='ocrx_word' id='word_1_112' title='bbox 662 2340 754 2393; x_wconf 85' lang='lat' dir='ltr'><strong>ex</strong></span> <span class='ocrx_word' id='word_1_113' title='bbox 810 2340 1052 2393; x_wconf 86' lang='lat' dir='ltr'><strong>eorum</strong></span> <span class='ocrx_word' id='word_1_114' title='bbox 1107 2316 1732 2400; x_wconf 82' lang='lat' dir='ltr'><strong>declarationibus,</strong></span> <span class='ocrx_word' id='word_1_115' title='bbox 1782 2328 1853 2387; x_wconf 89' lang='lat' dir='ltr'><strong>et</strong></span> <span class='ocrx_word' id='word_1_116' title='bbox 1904 2317 2187 2410; x_wconf 83' lang='lat' dir='ltr'><strong>scriptis</strong></span> <span class='ocrx_word' id='word_1_117' title='bbox 2238 2339 2419 2411; x_wconf 78' lang='lat' dir='ltr'><strong>quo-</strong></span> 
     </span>
     <span class='ocr_line' id='line_1_17' title="bbox 292 2435 2419 2532; baseline -0.001 -17"><span class='ocrx_word' id='word_1_118' title='bbox 292 2458 432 2532; x_wconf 83' lang='lat' dir='ltr'><strong>que</strong></span> <span class='ocrx_word' id='word_1_119' title='bbox 489 2440 558 2509; x_wconf 91' lang='lat' dir='ltr'><strong>in</strong></span> <span class='ocrx_word' id='word_1_120' title='bbox 621 2442 872 2531; x_wconf 73' lang='lat' dir='ltr'><strong>vulgus</strong></span> <span class='ocrx_word' id='word_1_121' title='bbox 926 2440 1136 2513; x_wconf 86' lang='lat' dir='ltr'><strong>editis</strong></span> <span class='ocrx_word' id='word_1_122' title='bbox 1169 2488 1189 2526; x_wconf 92' lang='lat'><strong>,</strong></span> <span class='ocrx_word' id='word_1_123' title='bbox 1251 2452 1491 2531; x_wconf 82' lang='lat' dir='ltr'><strong>aperte</strong></span> <span class='ocrx_word' id='word_1_124' title='bbox 1573 2435 1965 2531; x_wconf 73' lang='lat' dir='ltr'><strong>impugnari</strong></span> <span class='ocrx_word' id='word_1_125' title='bbox 2034 2438 2419 2529; x_wconf 78' lang='lat' dir='ltr'><strong>primatum</strong></span> 
     </span>
     <span class='ocr_line' id='line_1_18' title="bbox 297 2554 2423 2650; baseline 0 -19"><span class='ocrx_word' id='word_1_126' title='bbox 297 2560 810 2635; x_wconf 81' lang='lat' dir='ltr'><strong>iurisdictionis</strong></span> <span class='ocrx_word' id='word_1_127' title='bbox 865 2584 906 2633; x_wconf 89' lang='lat' dir='ltr'><strong>a</strong></span> <span class='ocrx_word' id='word_1_128' title='bbox 958 2558 1240 2635; x_wconf 88' lang='lat' dir='ltr'><strong>Christo</strong></span> <span class='ocrx_word' id='word_1_129' title='bbox 1296 2556 1590 2632; x_wconf 88' lang='lat' dir='ltr'><strong>Domino</strong></span> <span class='ocrx_word' id='word_1_130' title='bbox 1647 2560 1723 2633; x_wconf 83' lang='lat' dir='ltr'><strong>in</strong></span> <span class='ocrx_word' id='word_1_131' title='bbox 1796 2576 2093 2650; x_wconf 84' lang='lat' dir='ltr'><strong>persona</strong></span> <span class='ocrx_word' id='word_1_132' title='bbox 2148 2554 2230 2631; x_wconf 87' lang='grc' dir='ltr'><strong>Β.</strong></span> <span class='ocrx_word' id='word_1_133' title='bbox 2288 2555 2423 2632; x_wconf 79' lang='lat' dir='ltr'><strong>Pe·</strong></span> 
     </span>
     <span class='ocr_line' id='line_1_19' title="bbox 299 2678 2420 2775; baseline 0.001 -23"><span class='ocrx_word' id='word_1_134' title='bbox 299 2684 392 2754; x_wconf 87' lang='lat' dir='ltr'><strong>tri</strong></span> <span class='ocrx_word' id='word_1_135' title='bbox 433 2679 877 2775; x_wconf 84' lang='lat' dir='ltr'><strong>Apostolicae</strong></span> <span class='ocrx_word' id='word_1_136' title='bbox 915 2683 1082 2757; x_wconf 88' lang='lat' dir='ltr'><strong>huic</strong></span> <span class='ocrx_word' id='word_1_137' title='bbox 1131 2678 1297 2754; x_wconf 89' lang='lat' dir='ltr'><strong>Sedi</strong></span> <span class='ocrx_word' id='word_1_138' title='bbox 1337 2682 1703 2764; x_wconf 82' lang='lat' dir='ltr'><strong>tributum,</strong></span> <span class='ocrx_word' id='word_1_139' title='bbox 1742 2679 1909 2752; x_wconf 89' lang='lat' dir='ltr'><strong>dum</strong></span> <span class='ocrx_word' id='word_1_140' title='bbox 1966 2680 2157 2752; x_wconf 83' lang='lat' dir='ltr'><strong>illius</strong></span> <span class='ocrx_word' id='word_1_141' title='bbox 2205 2687 2420 2756; x_wconf 65' lang='lat' dir='ltr'><strong>:ex&#39;er-</strong></span> 
     </span>
     <span class='ocr_line' id='line_1_20' title="bbox 295 2799 2416 2896; baseline -0 -21"><span class='ocrx_word' id='word_1_142' title='bbox 295 2803 501 2876; x_wconf 90' lang='lat' dir='ltr'><strong>cendi</strong></span> <span class='ocrx_word' id='word_1_143' title='bbox 560 2805 634 2874; x_wconf 91' lang='lat' dir='ltr'><strong>in</strong></span> <span class='ocrx_word' id='word_1_144' title='bbox 715 2799 1071 2879; x_wconf 82' lang='lat' dir='ltr'><strong>Ecclesias</strong></span> <span class='ocrx_word' id='word_1_145' title='bbox 1131 2803 1314 2875; x_wconf 85' lang='lat' dir='ltr'><strong>ritus</strong></span> <span class='ocrx_word' id='word_1_146' title='bbox 1377 2799 1764 2888; x_wconf 80' lang='lat' dir='ltr'><strong>orientalis</strong></span> <span class='ocrx_word' id='word_1_147' title='bbox 1836 2800 1945 2873; x_wconf 81' lang='lat' dir='ltr'><strong>ius</strong></span> <span class='ocrx_word' id='word_1_148' title='bbox 2002 2801 2416 2896; x_wconf 70' lang='lat' dir='ltr'><strong>impetitum</strong></span> 
     </span>
     <span class='ocr_line' id='line_1_21' title="bbox 295 2911 2425 3017; baseline 0.001 -21"><span class='ocrx_word' id='word_1_149' title='bbox 295 2922 494 2998; x_wconf 86' lang='lat' dir='ltr'><strong>cuius</strong></span> <span class='ocrx_word' id='word_1_150' title='bbox 525 2911 928 3016; x_wconf 81' lang='lat' dir='ltr'><strong>proferendi</strong></span> <span class='ocrx_word' id='word_1_151' title='bbox 958 2924 1212 3000; x_wconf 84' lang='lat' dir='ltr'><strong>erroris</strong></span> <span class='ocrx_word' id='word_1_152' title='bbox 1245 2922 1671 2997; x_wconf 85' lang='lat' dir='ltr'><strong>turbulentis</strong></span> <span class='ocrx_word' id='word_1_153' title='bbox 1702 2933 1822 2996; x_wconf 76' lang='lat' dir='ltr'><strong>aut</strong></span> <span class='ocrx_word' id='word_1_154' title='bbox 1850 2925 2197 3017; x_wconf 75' lang='lat' dir='ltr'><strong>imperitis</strong></span> <span class='ocrx_word' id='word_1_155' title='bbox 2224 2945 2425 2998; x_wconf 75' lang='lat' dir='ltr'><strong>mem·</strong></span> 
     </span>
     <span class='ocr_line' id='line_1_22' title="bbox 295 3045 2421 3137; baseline 0.001 -21"><span class='ocrx_word' id='word_1_156' title='bbox 295 3045 488 3117; x_wconf 87' lang='lat' dir='ltr'><strong>tibus</strong></span> <span class='ocrx_word' id='word_1_157' title='bbox 539 3045 816 3123; x_wconf 83' lang='lat' dir='ltr'><strong>occasio</strong></span> <span class='ocrx_word' id='word_1_158' title='bbox 875 3066 1000 3120; x_wconf 84' lang='lat' dir='ltr'><strong>seu</strong></span> <span class='ocrx_word' id='word_1_159' title='bbox 1046 3057 1492 3137; x_wconf 80' lang='lat' dir='ltr'><strong>praetextus,</strong></span> <span class='ocrx_word' id='word_1_160' title='bbox 1533 3065 1675 3116; x_wconf 89' lang='lat' dir='ltr'><strong>non</strong></span> <span class='ocrx_word' id='word_1_161' title='bbox 1710 3055 1947 3117; x_wconf 82' lang='lat' dir='ltr'><strong>autem</strong></span> <span class='ocrx_word' id='word_1_162' title='bbox 2000 3065 2212 3118; x_wconf 79' lang='lat' dir='ltr'><strong>causa</strong></span> <span class='ocrx_word' id='word_1_163' title='bbox 2264 3065 2421 3118; x_wconf 80' lang='lat' dir='ltr'><strong>esse</strong></span> 
     </span>
     <span class='ocr_line' id='line_1_23' title="bbox 294 3159 2425 3268; baseline 0 -32"><span class='ocrx_word' id='word_1_164' title='bbox 294 3167 528 3260; x_wconf 86' lang='lat' dir='ltr'><strong>potuit</strong></span> <span class='ocrx_word' id='word_1_165' title='bbox 567 3177 700 3268; x_wconf 30' lang='lat' dir='ltr'><strong>aut·</strong></span> <span class='ocrx_word' id='word_1_166' title='bbox 723 3177 958 3259; x_wconf 89' lang='lat' dir='ltr'><strong>potest</strong></span> <span class='ocrx_word' id='word_1_167' title='bbox 993 3179 1380 3256; x_wconf 68' lang='lat' dir='ltr'><strong>memorata</strong></span> <span class='ocrx_word' id='word_1_168' title='bbox 1417 3159 1845 3260; x_wconf 79' lang='lat' dir='ltr'><strong>Constitutio</strong></span> <span class='ocrx_word' id='word_1_169' title='bbox 1880 3160 2166 3237; x_wconf 79' lang='lat' dir='ltr'><strong>Nostra.</strong></span> <span class='ocrx_word' id='word_1_170' title='bbox 2230 3189 2269 3236; x_wconf 69' lang='grc' dir='ltr'><strong>α</strong></span> <span class='ocrx_word' id='word_1_171' title='bbox 2302 3161 2425 3236; x_wconf 87' lang='lat' dir='ltr'><strong>Se-</strong></span> 
     </span>
     <span class='ocr_line' id='line_1_24' title="bbox 305 3279 2425 3384; baseline 0 -28"><span class='ocrx_word' id='word_1_172' title='bbox 305 3309 344 3356; x_wconf 75' lang='grc'>»</span> <span class='ocrx_word' id='word_1_173' title='bbox 409 3286 536 3360; x_wconf 85' lang='lat' dir='ltr'><strong>des</strong></span> <span class='ocrx_word' id='word_1_174' title='bbox 572 3299 808 3374; x_wconf 73' lang='lat' dir='ltr'><strong>autem</strong></span> <span class='ocrx_word' id='word_1_175' title='bbox 847 3282 1246 3378; x_wconf 82' lang='lat' dir='ltr'><strong>Apostolica</strong></span> <span class='ocrx_word' id='word_1_176' title='bbox 1275 3279 1382 3384; x_wconf 79' lang='lat'><strong>(2)</strong></span> <span class='ocrx_word' id='word_1_177' title='bbox 1415 3287 1490 3358; x_wconf 89' lang='lat' dir='ltr'><strong>in</strong></span> <span class='ocrx_word' id='word_1_178' title='bbox 1544 3295 1844 3358; x_wconf 85' lang='lat' dir='ltr'><strong>tantum.</strong></span> <span class='ocrx_word' id='word_1_179' title='bbox 1868 3305 2004 3357; x_wconf 88' lang='lat' dir='ltr'><strong>non</strong></span> <span class='ocrx_word' id='word_1_180' title='bbox 2060 3294 2425 3378; x_wconf 61' lang='lat' dir='ltr'><strong>contumes-</strong></span> 
     </span>
     <span class='ocr_line' id='line_1_25' title="bbox 303 3405 2422 3494; baseline -0 -16"><span class='ocrx_word' id='word_1_181' title='bbox 303 3431 342 3478; x_wconf 72' lang='grc' dir='ltr'><strong>ιο</strong></span> <span class='ocrx_word' id='word_1_182' title='bbox 403 3408 570 3482; x_wconf 86' lang='lat' dir='ltr'><strong>liam</strong></span> <span class='ocrx_word' id='word_1_183' title='bbox 619 3409 835 3494; x_wconf 86' lang='lat' dir='ltr'><strong>dolet,</strong></span> <span class='ocrx_word' id='word_1_184' title='bbox 877 3409 998 3480; x_wconf 91' lang='lat' dir='ltr'><strong>sed</strong></span> <span class='ocrx_word' id='word_1_185' title='bbox 1039 3407 1248 3481; x_wconf 80' lang='lat' dir='ltr'><strong>fidem</strong></span> <span class='ocrx_word' id='word_1_186' title='bbox 1285 3407 1630 3490; x_wconf 82' lang='lat' dir='ltr'><strong>defendit,</strong></span> <span class='ocrx_word' id='word_1_187' title='bbox 1676 3405 2237 3478; x_wconf 81' lang='lat' dir='ltr'><strong>communionem</strong></span> <span class='ocrx_word' id='word_1_188' title='bbox 2271 3405 2422 3477; x_wconf 78' lang='lat' dir='ltr'><strong>sin·-</strong></span> 
     </span>
     <span class='ocr_line' id='line_1_26' title="bbox 301 3530 2424 3627; baseline -0 -23"><span class='ocrx_word' id='word_1_189' title='bbox 301 3557 338 3604; x_wconf 83' lang='lat'><strong>»</strong></span> <span class='ocrx_word' id='word_1_190' title='bbox 401 3557 659 3623; x_wconf 89' lang='lat' dir='ltr'><strong>ceram,</strong></span> <span class='ocrx_word' id='word_1_191' title='bbox 697 3547 778 3610; x_wconf 90' lang='lat' dir='ltr'><strong>ut</strong></span> <span class='ocrx_word' id='word_1_192' title='bbox 811 3535 1016 3608; x_wconf 90' lang='lat' dir='ltr'><strong>hodie</strong></span> <span class='ocrx_word' id='word_1_193' title='bbox 1072 3533 1306 3606; x_wconf 88' lang='lat' dir='ltr'><strong>cuncti</strong></span> <span class='ocrx_word' id='word_1_194' title='bbox 1370 3533 1489 3627; x_wconf 85' lang='lat' dir='ltr'><strong>qui</strong></span> <span class='ocrx_word' id='word_1_195' title='bbox 1531 3533 1604 3602; x_wconf 90' lang='lat' dir='ltr'><strong>in</strong></span> <span class='ocrx_word' id='word_1_196' title='bbox 1641 3533 1798 3605; x_wconf 89' lang='lat' dir='ltr'><strong>eius</strong></span> <span class='ocrx_word' id='word_1_197' title='bbox 1858 3530 1998 3606; x_wconf 84' lang='lat' dir='ltr'><strong>visi</strong></span> <span class='ocrx_word' id='word_1_198' title='bbox 2056 3542 2221 3602; x_wconf 86' lang='lat' dir='ltr'><strong>sunt</strong></span> <span class='ocrx_word' id='word_1_199' title='bbox 2259 3553 2424 3622; x_wconf 80' lang='lat' dir='ltr'><strong>pro-</strong></span> 
     </span>
     <span class='ocr_line' id='line_1_27' title="bbox 303 3650 2421 3750; baseline -0.003 -22"><span class='ocrx_word' id='word_1_200' title='bbox 303 3680 340 3728; x_wconf 68' lang='lat' dir='ltr'><strong>n</strong></span> <span class='ocrx_word' id='word_1_201' title='bbox 405 3657 673 3750; x_wconf 86' lang='lat' dir='ltr'><strong>rupisse</strong></span> <span class='ocrx_word' id='word_1_202' title='bbox 725 3656 1158 3748; x_wconf 79' lang='lat' dir='ltr'><strong>despectum,</strong></span> <span class='ocrx_word' id='word_1_203' title='bbox 1224 3653 1286 3726; x_wconf 82' lang='lat' dir='ltr'><strong>si</strong></span> <span class='ocrx_word' id='word_1_204' title='bbox 1351 3654 1442 3726; x_wconf 86' lang='lat' dir='ltr'><strong>ad</strong></span> <span class='ocrx_word' id='word_1_205' title='bbox 1477 3650 1962 3745; x_wconf 34' lang='lat' dir='ltr'><strong>integnitatem·</strong></span> <span class='ocrx_word' id='word_1_206' title='bbox 2004 3651 2173 3722; x_wconf 84' lang='lat' dir='ltr'><strong>fi&#39;dei</strong></span> <span class='ocrx_word' id='word_1_207' title='bbox 2226 3667 2421 3723; x_wconf 84' lang='lat' dir='ltr'><strong>com-</strong></span> 
     </span>
     <span class='ocr_line' id='line_1_28' title="bbox 300 3772 2424 3870; baseline -0.003 -21"><span class='ocrx_word' id='word_1_208' title='bbox 300 3801 340 3851; x_wconf 77' lang='lat'><strong>»</strong></span> <span class='ocrx_word' id='word_1_209' title='bbox 403 3777 896 3870; x_wconf 85' lang='lat' dir='ltr'><strong>munionisque</strong></span> <span class='ocrx_word' id='word_1_210' title='bbox 969 3775 1346 3850; x_wconf 74' lang='lat' dir='ltr'><strong>catholicae</strong></span> <span class='ocrx_word' id='word_1_211' title='bbox 1382 3809 1423 3846; x_wconf 88' lang='lat'><strong>·.-</strong></span> <span class='ocrx_word' id='word_1_212' title='bbox 1463 3793 1634 3846; x_wconf 86' lang='lat' dir='ltr'><strong>vere</strong></span> <span class='ocrx_word' id='word_1_213' title='bbox 1688 3783 1764 3846; x_wconf 83' lang='lat' dir='ltr'><strong>et</strong></span> <span class='ocrx_word' id='word_1_214' title='bbox 1818 3781 1913 3844; x_wconf 71' lang='lat' dir='ltr'><strong>exi</strong></span> <span class='ocrx_word' id='word_1_215' title='bbox 1966 3772 2215 3844; x_wconf 78' lang='lat' dir='ltr'><strong>animo.</strong></span> <span class='ocrx_word' id='word_1_216' title='bbox 2254 3793 2424 3866; x_wconf 87' lang='lat' dir='ltr'><strong>poe·-</strong></span> 
     </span>
     <span class='ocr_line' id='line_1_29' title="bbox 303 3895 2427 3984; baseline -0.003 -14"><span class='ocrx_word' id='word_1_217' title='bbox 303 3923 342 3970; x_wconf 84' lang='lat'>»</span> <span class='ocrx_word' id='word_1_218' title='bbox 406 3899 714 3972; x_wconf 88' lang='lat' dir='ltr'><strong>nitentes</strong></span> <span class='ocrx_word' id='word_1_219' title='bbox 765 3931 808 3952; x_wconf 82' lang='lat'>-</span> <span class='ocrx_word' id='word_1_220' title='bbox 863 3907 1340 3981; x_wconf 81' lang='lat' dir='ltr'><strong>revertantur,</strong></span> <span class='ocrx_word' id='word_1_221' title='bbox 1387 3895 1818 3970; x_wconf 74' lang='lat' dir='ltr'><strong>secundum.</strong></span> <span class='ocrx_word' id='word_1_222' title='bbox 1846 3895 2243 3984; x_wconf 73' lang='lat' dir='ltr'><strong>reginarum</strong></span> <span class='ocrx_word' id='word_1_223' title='bbox 2284 3904 2427 3965; x_wconf 80' lang='lat' dir='ltr'><strong>tra-</strong></span> 
     </span>
     <span class='ocr_line' id='line_1_30' title="bbox 305 4013 2424 4112; baseline -0.001 -23"><span class='ocrx_word' id='word_1_224' title='bbox 305 4041 342 4090; x_wconf 73' lang='lat'><strong>2»</strong></span> <span class='ocrx_word' id='word_1_225' title='bbox 405 4021 648 4095; x_wconf 86' lang='lat' dir='ltr'><strong>mitem</strong></span> <span class='ocrx_word' id='word_1_226' title='bbox 701 4029 1156 4112; x_wconf 80' lang='lat' dir='ltr'><strong>paternarum</strong></span> <span class='ocrx_word' id='word_1_227' title='bbox 1239 4027 1394 4090; x_wconf 81' lang='lat' dir='ltr'><strong>toto·</strong></span> <span class='ocrx_word' id='word_1_228' title='bbox 1443 4015 1683 4112; x_wconf 60' lang='lat' dir='ltr'><strong>‘cordis</strong></span> <span class='ocrx_word' id='word_1_229' title='bbox 1740 4013 1999 4088; x_wconf 82' lang='lat' dir='ltr'><strong>affectu</strong></span> <span class='ocrx_word' id='word_1_230' title='bbox 2052 4013 2424 4087; x_wconf 74' lang='lat' dir='ltr'><strong>vementes</strong></span> 
     </span>
    </p>
   </div>
   <div class='ocr_carea' id='block_1_3' title="bbox 462 4252 2301 4480">
    <p class='ocr_par' dir='ltr' id='par_1_4' title="bbox 462 4252 2301 4480">
     <span class='ocr_line' id='line_1_31' title="bbox 463 4252 2301 4380; baseline -0.004 -19"><span class='ocrx_word' id='word_1_231' title='bbox 463 4293 544 4380; x_wconf 88' lang='lat'><strong>(1)</strong></span> <span class='ocrx_word' id='word_1_232' title='bbox 587 4293 652 4362; x_wconf 87' lang='lat' dir='ltr'><strong>S.</strong></span> <span class='ocrx_word' id='word_1_233' title='bbox 692 4291 998 4362; x_wconf 82' lang='lat' dir='ltr'><strong>Gelasius</strong></span> <span class='ocrx_word' id='word_1_234' title='bbox 1040 4295 1225 4378; x_wconf 83' lang='lat' dir='ltr'><strong>epist.</strong></span> <span class='ocrx_word' id='word_1_235' title='bbox 1269 4288 1350 4363; x_wconf 82' lang='lat'><strong>18</strong></span> <span class='ocrx_word' id='word_1_236' title='bbox 1413 4292 1496 4362; x_wconf 88' lang='lat' dir='ltr'><strong>ad</strong></span> <span class='ocrx_word' id='word_1_237' title='bbox 1524 4252 1771 4379; x_wconf 32' lang='lat' dir='ltr'><strong>*Episci</strong></span> <span class='ocrx_word' id='word_1_238' title='bbox 1800 4284 2086 4356; x_wconf 72' lang='lat' dir='ltr'><strong>Darden.</strong></span> <span class='ocrx_word' id='word_1_239' title='bbox 2126 4305 2193 4356; x_wconf 84' lang='lat' dir='ltr'><strong>n.</strong></span> <span class='ocrx_word' id='word_1_240' title='bbox 2238 4283 2301 4358; x_wconf 81' lang='lat'><strong>6.</strong></span> 
     </span>
     <span class='ocr_line' id='line_1_32' title="bbox 462 4387 1318 4480; baseline -0.005 -20"><span class='ocrx_word' id='word_1_241' title='bbox 462 4387 544 4480; x_wconf 72' lang='lat'><strong>(2)</strong></span> <span class='ocrx_word' id='word_1_242' title='bbox 585 4387 650 4462; x_wconf 85' lang='lat' dir='ltr'><strong>S.</strong></span> <span class='ocrx_word' id='word_1_243' title='bbox 695 4387 996 4462; x_wconf 75' lang='lat' dir='ltr'><strong>Gelasius</strong></span> <span class='ocrx_word' id='word_1_244' title='bbox 1033 4391 1164 4460; x_wconf 87' lang='lat' dir='ltr'><strong>loc.</strong></span> <span class='ocrx_word' id='word_1_245' title='bbox 1209 4391 1318 4458; x_wconf 84' lang='lat' dir='ltr'><strong>cit.</strong></span> 
     </span>
    </p>
   </div>
  </div>
 </body>
</html>
