3292 5275
906 466 1066 549 202

901 606 1362 691 decernimus,
1404 605 1628 678 veluti
1669 605 1729 675 si
1766 622 2129 696 uunquam
2167 604 2318 697 ipsa
2354 604 2591 677 locum
2626 602 3033 675 habuisset:

897 728 1060 819 quia
1099 740 1527 824 statutarum
1564 728 1795 817 legum
1832 735 1905 797 et
1943 725 2423 798 conditionum
2466 725 2697 796 debita
2736 746 2821 795 ac-
2864 747 3037 817 per·-

897 845 1076 919 fecta
1133 846 1584 921 observantia
1637 855 1933 931 remota,
1988 864 2349 937 nunquam
2402 844 2489 915 ad
2540 843 2875 935 praedicti
2928 845 3034 939 pii

899 968 1128 1059 operis
1166 966 1693 1039 institutionem
1728 962 2109 1038 faciendam
2146 965 2453 1035 animum
2492 962 3033 1036 adiecissemus.

893 1083 1266 1161 Praeterea
1301 1108 1390 1159 eo
1432 1088 1507 1156 in
1561 1104 1725 1159 casu
1762 1098 1837 1157 et
1870 1083 2148 1158 casibus
2204 1086 2767 1160 commemoratis
2806 1086 3037 1159 volu-

896 1229 1044 1279 mus
1106 1219 1179 1279 et
1215 1206 1618 1289 statuimus,
1680 1216 1761 1279 ut
1794 1224 2033 1279 omnes
2073 1203 2387 1278 redditus
2425 1215 2501 1276 et
2560 1207 2797 1275 omnia
2832 1204 3039 1279 bona

897 1330 975 1400 in
1001 1328 1226 1400 dotem
1268 1326 1398 1418 piis
1427 1326 1659 1417 operis
1698 1324 2075 1414 assignata,
2106 1327 2304 1399 nullo
2332 1336 2661 1417 excepto,
2688 1339 3038 1399 maneant

898 1448 972 1518 in
1027 1469 1102 1518 re
1158 1446 1433 1539 privata
1485 1455 1558 1518 et
1613 1440 1935 1519 familiari
1974 1439 2255 1529 Nostra,
2306 1455 2375 1517 et
2428 1456 2779 1539 quatenus
2834 1468 3035 1538 opus

895 1568 984 1640 sit
1038 1568 1125 1639 ad
1180 1567 1537 1659 privatum
1589 1577 1665 1639 et
1717 1567 2065 1639 familiare
2130 1560 2457 1639 Nostrum
2514 1566 3035 1657 patrimonium

899 1699 1320 1761 revocentur
1373 1708 1456 1759 ac
1509 1687 1827 1767 redeant,
1880 1705 2101 1777 eaque
2156 1684 2311 1775 ipsa
2366 1687 2579 1757 simul
2634 1686 2897 1757 cedant
2952 1697 3037 1758 ct

895 1811 1296 1901 pertineant
1349 1808 1500 1897 ipso
1555 1808 1740 1879 facto
1776 1817 1849 1877 et
1886 1806 2037 1897 ipso
2076 1806 2227 1877 iure
2268 1806 2527 1899 absque
2568 1805 2785 1879 ullius
2828 1806 3035 1877 iudi-

895 1931 982 2001 cii
1039 1940 1157 2004 aut
1211 1926 1594 1999 sententiae
1650 1946 1781 2017 ope
1840 1926 1929 1997 ad
1966 1922 2294 1999 Aloisium
2333 1921 2583 1998 Mastai
2628 1922 3029 2011 Comitem,

892 2043 1226 2122 Nostrum
1261 2070 1354 2121 ex
1390 2044 1636 2120 Fratre
1674 2041 2043 2139 Nepotem,
2076 2055 2148 2118 et
2186 2068 2271 2119 eo
2308 2044 2671 2119 deficiente
2714 2046 2800 2119 ad
2839 2048 3035 2121 hae·-

891 2171 1090 2243 redes
1143 2182 1214 2243 et
1269 2188 1709 2241 successores
1762 2166 1963 2249 eius,
2020 2168 2222 2241 cuius
2278 2185 2711 2261 quorumque
2768 2168 3031 2242 bone-

891 2290 1058 2362 stati
1112 2302 1184 2361 et
1238 2260 1639 2362 rectitudini
1697 2309 1873 2360 onus
1914 2288 2337 2379 imponimus
2375 2288 2787 2361 sublevandi
2829 2312 3025 2381 pau-

891 2430 1094 2501 peres
1147 2410 1510 2501 utriusque
1565 2429 1777 2481 sexus
1838 2406 2195 2482 continuis
2270 2408 2531 2481 morbis
2584 2408 2875 2483 affectos
2940 2426 3031 2484 et

893 2532 1160 2623 puellas
1213 2530 1584 2601 derelictas
1639 2550 1721 2599 ea
1776 2529 2039 2599 ratione
2076 2538 2149 2601 et
2188 2528 2419 2613 modo,
2448 2549 2655 2620 quem
2696 2550 2825 2620 pro
2882 2552 3025 2605 sua

898 2649 1331 2724 conscicntia
1385 2649 1604 2742 magis
1664 2670 2051 2740 congruum
2084 2658 2159 2722 et
2198 2648 2493 2741 tempori
2530 2661 2781 2741 aptum
2829 2651 3029 2722 iudi-

893 2773 1243 2845 caverint.

1105 2886 1332 2963 Simili
1391 2889 1594 2962 modo
1650 2899 2013 2981 praeterea
2052 2890 2115 2963 si
2150 2887 2514 2982 contigerit
2554 2900 2632 2960 ut
2668 2891 2785 2980 pia
2844 2891 3020 2966 fun-

893 3010 1084 3083 datio
1135 3007 1496 3102 Gymnasii
1569 3031 1693 3082 seu
1749 3005 2160 3082 Patrimonii
2228 3011 2623 3082 studiorum
2686 3012 3015 3104 quolibet

893 3133 1129 3207 futuro
1181 3142 1498 3223 tempore
1533 3131 1624 3204 ab
1663 3130 1894 3203 indole
1934 3152 2103 3202 suae
2139 3130 2599 3203 institutionis
2642 3144 3016 3215 avocetur,

893 3265 1020 3326 aut
1059 3264 1152 3326 ·ut
1205 3251 1392 3326 illius
1448 3253 1961 3326 administratio
2016 3250 2327 3344 qualibet
2384 3263 2761 3344 praetensa
2796 3273 3021 3326 causa

893 3385 965 3448 et
1029 3376 1304 3446 ratione
1337 3422 1358 3456 ‚
1417 3372 1624 3446 etiam
1687 3371 1876 3464 qnod
1946 3391 2111 3444 cum
2184 3373 2387 3446 novis
2450 3371 3021 3446 ordinationibus

893 3495 1196 3588 publicis
1251 3493 1610 3567 conciliari
1668 3513 1803 3566 nou
1860 3493 2083 3585 possit
2140 3491 2287 3566 sive
2326 3495 2466 3564 ullo
2504 3495 2691 3566 facto
2743 3495 3015 3578 alieno,

893 3636 932 3685 a
987 3613 1276 3687 consilio
1329 3635 1450 3686 seu
1501 3609 2011 3688 commissione
2066 3635 2157 3689 ex
2212 3611 2711 3687 ecclesiasticis
2768 3617 3016 3688 laicis-

891 3757 1030 3830 que
1085 3737 1258 3808 viris
1311 3735 1693 3825 composita
1746 3747 1818 3806 et
1856 3729 2139 3806 aNobis
2196 3736 2587 3808 constituta
2642 3735 2897 3809 abduci
2932 3749 3013 3810 et

891 3855 1242 3932 removeri
1293 3857 1500 3938 velit,
1533 3864 1655 3926 aut
1710 3866 1787 3925 ut
1844 3855 1927 3926 ad
1982 3855 2287 3948 aliquam
2340 3878 2432 3930 ex
2470 3852 2847 3928 Catbedris
2888 3881 3015 3950 per

891 3971 1180 4048 Nostrae
1235 3973 1677 4068 Apostolieas
1733 3977 2001 4049 litteras
2058 3975 2509 4066 praescriptis
2564 3977 2681 4046 vel
2736 3979 3019 4070 suppri-

893 4097 1220 4170 mendam
1277 4098 1390 4170 vel
1443 4093 1959 4168 immutandam
1994 4097 2437 4182 deveniatur,
2476 4109 2595 4170 aut
2631 4107 2711 4170 ut
2748 4097 3015 4190 aliquis

891 4239 933 4291 e
987 4227 1190 4289 coetu
1255 4217 1659 4290 docentium
1718 4239 1759 4288 a
1814 4217 2177 4307 praedicta
2232 4214 2743 4291 Commissione
2798 4219 2915 4292 vel
2970 4241 3015 4290 a

897 4333 1106 4410 Nobis
1161 4336 1563 4410 nominatus
1621 4341 1887 4431 absque
1941 4339 2085 4418 ulla
2138 4338 2291 4412 cius
2356 4341 2563 4432 culpa
2618 4360 2701 4410 ae
2758 4339 3013 4412 merito
