3292 5275
876 465 1032 546 322

874 605 1109 678 statim
1166 606 1252 677 ad
1306 600 1700 676 Sacrarium
1755 602 2040 675 devolvi
2103 604 2430 676 volumus
2461 648 2484 686 ‚
2543 602 2638 676 ita
2699 613 2930 676 tamen
2966 652 2987 690 ,

874 737 953 800 ut
1006 745 1134 817 pro
1188 737 1336 798 rata
1390 723 1802 796 eorumdem
1839 723 2192 797 redituum
2245 723 2569 814 portione
2597 717 2990 798 Sacrarium

871 847 1101 938 ipsum
1154 843 1465 917 conferre
1519 843 1773 916 debeat
1827 845 1917 916 ad
1971 863 2310 935 expensas
2363 853 2432 912 ct
2485 861 2703 915 onera
2755 842 2990 916 fcren-

869 963 985 1047 da,
1040 964 1301 1058 quibus
1356 964 1764 1056 superstites
1793 959 2238 1036 Beneficiarii
2273 960 2566 1034 obnoxii
2597 975 2988 1036 remanent.

866 1079 1181 1158 Dur-ante
1238 1095 1473 1157 autem
1556 1083 2038 1178 procuratione
2122 1079 2618 1174 superstitibus
2687 1083 2986 1156 extincti

865 1199 1181 1296 Conlegii
1238 1224 1364 1298 per
1418 1199 1563 1278 Nos
1618 1225 1948 1278 concessa
2005 1205 2360 1285 volumus,
2417 1214 2500 1274 ut
2551 1206 2982 1296 quotanniS,

866 1336 938 1396 et
988 1323 1259 1419 quoties
1316 1326 1589 1400 deboc
1646 1339 1963 1420 rogetur,
2015 1321 2472 1416 Praepositus
2499 1372 2520 1406 ‚
2579 1335 2654 1395 et
2705 1317 2992 1398 Benefi-

863 1444 1062 1518 ciarii
1120 1446 1415 1539 accepti,
1474 1458 1549 1520 et
1602 1449 1897 1540 expensi
1965 1447 2306 1518 rationem
2361 1445 2654 1516 reddere
2683 1495 2706 1530 ‚
2761 1447 2982 1540 deque

864 1579 1048 1638 statu
1105 1562 1437 1653 Sacrarii,
1496 1567 1581 1638 de
1638 1565 2216 1662 supellectilibus,
2275 1576 2348 1638 et
2401 1583 2699 1639 onerum
2761 1566 2988 1640 adim-

862 1687 1221 1780 plemento
1272 1683 1768 1762 praefecturae
1821 1685 2076 1760 Palatii
2130 1683 2518 1780 Apostolici
2575 1689 2836 1781 scripto
2881 1709 2988 1760 re-

860 1809 1043 1880 ferre
1100 1809 1426 1884 debeant.
1482 1797 1674 1884 Nihil
1727 1810 2028 1904 denique
2083 1809 2278 1882 hisce
2335 1803 2624 1880 Litteris
2706 1802 2986 1882 Nostris

858 1928 1266 2003 innovatum
1322 1929 1664 2018 edicimus
1701 1979 1722 2014 ‚
1780 1952 1864 2003 ac
1917 1930 2356 2002 declaramus
2411 1928 2601 2021 quod
2679 1929 2768 2001 ad
2849 1924 2988 2000 Pa-

862 2049 1251 2124 trinrcbalis
1332 2047 1642 2145 Capituli
1727 2047 2079 2122 Liberiani
2151 2067 2384 2120 sacras
2454 2048 2852 2122 functiones
2905 2051 2982 2120 in

858 2171 1108 2246 eodem
1157 2168 1487 2244 Sacrario
1560 2171 1766 2244 statis
1834 2170 2080 2243 diebus
2136 2169 2222 2242 ab
2281 2171 2434 2262 ipso
2491 2171 2924 2262 peragendas
2963 2219 2994 2260 ,

856 2309 1029 2385 quas
1082 2291 1279 2366 iuxta
1332 2311 1627 2374 morem,
1668 2304 1744 2364 et
1781 2289 2372 2373 consuetudinem
2427 2290 2782 2364 celebrare
2817 2312 2984 2382 pos-

858 2412 953 2484 sit
982 2459 1005 2495 ,
1060 2421 1159 2483 et.
1188 2411 1437 2484 debeat
1467 2461 1491 2498 ,
1572 2425 1778 2506 atque
1831 2408 2044 2484 etiam
2097 2410 2284 2504 quod
2337 2410 2430 2482 ad
2483 2409 2982 2502 obligationem

855 2530 1071 2624 ipsius
1122 2527 1431 2624 Capituli
1484 2532 1660 2606 duas
1717 2527 2106 2624 Lampades
2161 2527 2250 2602 ad
2309 2525 2550 2602 Altare
2615 2535 2984 2606 sanctissi-

852 2652 949 2727 mi
1008 2648 1445 2727 Sacramenti
1512 2654 1900 2735 servandi,
1957 2665 2030 2724 et
2084 2651 2372 2739 alendi;
2437 2652 2744 2746 itemque
2800 2654 2980 2726 nibil

852 2773 1265 2848 innovatum
1322 2774 1652 2849 volumus
1689 2774 1876 2868 quod
1917 2772 2006 2845 ad
2041 2770 2430 2847 custodiam
2489 2772 2978 2848 sanctissimae

848 2889 1368 2978 Eucharistiae,
1432 2892 1760 2989 illiusque
1817 2892 2520 2979 administrationem,
2577 2905 2652 2965 et
2703 2894 2792 2967 ad
2831 2895 2981 2967 cla-

852 3032 973 3085 ves
1024 3014 1486 3097 tabernaculi,
1550 3026 1754 3108 atque
1807 3014 1970 3087 ostii
2028 3025 2170 3085 tam
2228 3014 2542 3097 maioris,
2589 3034 2800 3107 quam
2839 3017 2978 3087 mi-

847 3134 1039 3206 noris
1094 3134 1301 3205 ferrei
1358 3134 1680 3221 cancelli,
1735 3146 1947 3228 atque
2003 3134 2294 3229 insuper
2351 3136 2845 3227 praecipimus,
2897 3148 2976 3208 ut

846 3248 1299 3328 Liberianum
1370 3250 1782 3349 Capitulum
1837 3274 1921 3327 ea
1977 3256 2208 3329 munia
2263 3253 2634 3349 adimplere
2695 3272 2970 3350 pergat,

842 3396 1025 3468 quae
1082 3387 1437 3470 praestare
1492 3378 1883 3449 consuevit.
1944 3371 2098 3449 Non
2155 3375 2598 3450 obstantibus
2651 3372 2970 3463 Nostris,

842 3507 919 3567 et
968 3490 1441 3569 Cancellariae
1496 3496 1946 3589 Apostolieae
2002 3491 2292 3589 Regalis
2321 3542 2342 3581 ,
2403 3516 2488 3569 ac
2545 3499 2970 3589 praesertim

842 3634 922 3688 ea
976 3616 1066 3688 de
1118 3616 1273 3688 iure
1326 3616 1652 3711 quaesito
1705 3636 1850 3689 non
1904 3616 2250 3697 tollendo,
2289 3628 2674 3691 memorata
2713 3612 2974 3691 Deces-

842 3736 1019 3809 soris
1072 3731 1309 3809 Nostri
1367 3733 1549 3809 Xisti
1602 3733 1690 3808 V.
1747 3735 2303 3822 Constitutione,
2361 3736 2658 3833 aliisque
2685 3734 2972 3813 Consti-

842 3857 1237 3931 tutionibus
1262 3904 1283 3943 ,
1340 3870 1411 3929 et
1464 3854 2045 3935 ordinationibus
2101 3856 2528 3951 Apostolicis
2559 3908 2584 3941 ,
2639 3880 2772 3933 nee
2827 3882 2966 3935 non

839 3976 1209 4071 quibusvis
1242 3980 1449 4051 ctiam
1508 3979 1938 4065 iuramento,
1979 3978 2500 4053 confirmatione
2530 3976 2964 4073 Apostolica,

842 4099 954 4189 vel
1008 4099 1264 4192 quavis
1318 4098 1645 4173 firmitate
1704 4100 2048 4174 roboratis
2105 4102 2424 4185 statutiS,
2465 4111 2539 4172 et
2591 4114 2970 4175 consuetu·-

836 4218 1141 4303 dinibus,
1196 4222 1409 4293 etiam
1462 4220 2148 4305 immemorabilibuS,
2204 4222 2594 4314 privilegiis
2645 4242 2964 4315 quoque,

836 4339 1387 4437 exemptionibus
1416 4352 1487 4417 ct
1520 4343 1812 4417 indultis
1867 4340 2222 4439 specifica,
2254 4352 2326 4415 et
2357 4340 2718 4415 individua
2759 4362 2966 4417 men-
