3292 5275
292 303 353 422 s

2357 471 2464 556 25

347 615 546 690 libris
570 565 919 714 Gamerae
954 581 1451 732 Apostolicac,
1466 599 1563 687 ut
1574 599 1867 734 pariter
1905 573 2326 751 accepimus,
2356 626 2468 687 ta·-

272 818 287 846 ,
348 738 493 810 xati
522 700 1035 846 reperiuntur,
1047 735 1291 830 quovis
1354 720 1575 808 modo
1618 746 1742 808 aut
1816 756 1906 806 ex
1982 726 2466 832 cuiuscumque

272 878 673 967 .ipepfsona,
702 879 827 966 seu
884 879 1006 953 per
1045 858 1341 931 liberam
1382 857 1563 974 dicti
1581 841 1950 951 Francisc'i
1969 835 2307 950 Emygdii
2339 846 2472 928 'Ar-

289 955 802 1090 chiepiacopi
819 989 907 1057 ‚et
962 960 1279 1063 Abbatis,
1311 979 1435 1052 vel
1484 951 1812 1052 cuiusvis
1829 955 2146 1050 alterius
2203 972 2472 1050 cessio-

350 1120 519 1206 nem
570 1099 653 1174 de
708 1078 1111 1178 huiusmodi
1159 1063 1584 1186 Monasterio
1646 1075 1980 1208 illiusque
2028 1075 2359 1190 regimine
2399 1107 2473 1171 et

280 1271 317 1304 .
356 1181 955 1294 administratione
1002 1231 1204 1303 extra
1242 1189 1631 1314 Romanam
1671 1198 1953 1297 Curiam
1990 1216 2202 1293 etiam
2239 1242 2472 1293 coram

355 1310 643 1450 Notario
698 1319 979 1434 publico
1035 1351 1107 1413 et
1164 1324 1469 1416 testibus
1526 1324 1770 1436 sponte
1825 1343 2108 1460 factam,
2125 1328 2265 1415 aut
2294 1363 2476 1414 asse-

282 1434 793 1571 quntionem
821 1464 1114 1543 alterius
1178 1449 1501 1536 beneficii
1580 1462 2043 1535 ecclesiastici
2125 1448 2476 1536 ordinaria

305 1655 315 1690 ἶ
354 1583 775 1694 auctoritate
830 1583 1093 1671 collati,
1122 1566 1549 1672 Commenda'
1602 1564 1934 1689 praefata
1976 1563 2336 1699 cessante,
2347 1605 2480 1658 va-

272 1783 288 1792 ,
324 1803 329 1808 “
356 1716 501 1810 cet,
529 1704 799 1816 etiamsi
858 1715 1049 1778 tanto
1084 1683 1391 1798 tempore
1429 1675 1823 1794 vacaverit,
1861 1705 2051 1802 quod
2090 1681 2294 1778 illius
2316 1725 2480 1797 pro-

362 1824 549 1906 ,visio
606 1825 823 1932 iuxta
845 1811 1273 1900 Lateranen
1315 1808 1601 1899 Statuta
1628 1811 1955 1911 Concilii,
1984 1836 2107 1899 aut
2163 1811 2328 1898 alias
2365 1846 2484 1897 ca-

364 1942 647 2051 nonieas
729 1947 1131 2019 sanctiones
1188 1947 1273 2018 ad
1315 1941 1569 2019 Sedem
1624 1925 2107 2078 Apostolicam
2177 1945 2480 2041 legitime

366 2040 705 2139 devoluta
722 2068 1015 2152 existat,
1042 2066 1365 2162 illiusque
1387 2068 1749 2160 dispositio
1770 2089 1853 2139 ex
1870 2063 2120 2163 quavis
2157 2087 2368 2139 causa
2391 2066 2478 2138 ad

368 2179 623 2294 Sedem
676 2189 995 2260 eamdem
1050 2189 1458 2278 specialiter
1486 2187 1858 2283 pertineat,
1887 2199 1960 2260 et
1991 2189 2076 2260 ad
2115 2188 2300 2260 idem
2335 2181 2486 2260 Mo-

368 2283 764 2383 nasterium
816 2309 1264 2384 consueverit
1318 2309 1475 2404 quis
1544 2332 1672 2403 per
1725 2311 2144 2382 electionem
2198 2303 2480 2430 assumi,

294 2430 627 2566 ..93qu
630 2451 797 2502 cura
848 2429 1063 2504 etiam
1095 2428 1668 2504 iurisdictionalis
1705 2420 2098 2517 immineat,
2155 2451 2236 2502 ac
2275 2450 2486 2538 super

372 2550 703 2659 regimine
729 2561 802 2623 et
831 2549 1432 2624 administratione
1489 2549 1824 2646 praefatis
1864 2553 2051 2623 inter
2089 2551 2356 2671 aliquos
2400 2551 2486 2626 lis

282 2756 289 2763 ,
360 2672 448 2762 'in
522 2672 703 2745 illius
778 2672 1103 2767 petitorio
1141 2675 1257 2745 vel
1294 2662 1756 2766 possessorio,
1797 2673 2004 2746 cuius
2042 2674 2188 2747 litis
2223 2654 2488 2745 statum
2511 2724 2528 2743 .

372 2794 868 2891 praesentibus
921 2794 1159 2869 haberi
1216 2795 1549 2869 volumus
1603 2801 1732 2889 pro
1787 2815 2142 2891 expresso,
2183 2794 2489 2899 pendeat

272 2991 279 2999 ,
376 2915 716 3003 indecisa,
738 2916 1115 2989 dummodo
1144 2926 1459 3009 tempore
1494 2917 1704 2989 datae
1731 2917 2133 2990 earumdem
2163 2926 2494 3009 praesen-

267 3017 279 3025 ’
320 3015 329 3024 ’
374 3037 559 3111 tium
613 3005 797 3109 dicto
852 3030 1281 3110 Monasterio
1335 3036 1421 3109 de
1476 3036 1763 3131 proprio
1793 3035 2066 3109 Abbate
2097 3040 2492 3131 provisum,

377 3169 500 3229 aut
553 3154 723 3229 illud
780 3156 985 3228 alteri
1040 3159 1381 3231 canonice
1412 3157 1977 3231 commendatum
2023 3178 2167 3229 non
2204 3158 2497 3245 existat,

351 3258 543 3353 'cum
598 3279 705 3351 illi
761 3280 996 3351 forsan
1053 3264 1347 3352 adnexis
1402 3299 1485 3351 ac
1541 3279 1866 3350 omnibus
1915 3276 2186 3353 iuribus
2223 3289 2296 3351 et
2335 3298 2496 3371 per-

381 3398 700 3473 tinentiis
740 3400 883 3473 suis
923 3394 1080 3471 Tibi
1112 3420 1237 3492 per
1278 3394 1407 3487 Te,
1449 3399 1672 3471 donee
1726 3395 2310 3512 Metropolitanae
2363 3394 2502 3471 Ec·

381 3522 637 3595 clesiae
668 3516 1007 3593 Mutinen
1040 3518 1458 3614 praefueriS,
1501 3504 1780 3593 tantum
1812 3502 2216 3604 tenendum,
2257 3538 2503 3611 regen·-

382 3643 575 3727 dum,
615 3651 685 3714 et
724 3641 1282 3733 gubernandum,
1324 3642 1424 3714 ita
1456 3641 1644 3734 quod
1675 3641 1887 3711 liceat
1934 3634 2119 3724 T1b1‚
2142 3638 2394 3711 debitis
2430 3647 2504 3709 et

386 3759 739 3835 consuetis
768 3760 1077 3834 eiusdem
1132 3757 1535 3835 Monasterii
1580 3770 1654 3833 et
1690 3756 2114 3833 Dilectorum
2159 3738 2506 3831 Filiorum

350 3884 581 3976 ‚illius
599 3878 1012 3956 Conventus
1032 3884 1457 3977 supportatis
1486 3882 1841 3967 oneribus,
1872 3902 1954 3960 ac
1985 3862 2258 3974 quarta,
2281 3876 2338 3950 si
2361 3872 2510 3948 Ab·

386 4002 691 4088 batialis,
724 4015 1043 4099 separata
1072 4012 1143 4075 et
1174 4005 1466 4077 seorsim
1486 4000 2062 4117 aConventuali
2044 4022 2117 4073 ιιι
2159 3987 2510 4073 restaura·-

293 4207 302 4216 ‚
388 4125 661 4235 tionem
696 4120 1058 4237 Fabi-icae,
1088 4146 1211 4235 seu
1252 4128 1820 4235 ornamentorum
1857 4102 2156 4237 vestium
2193 4133 2267 4193 et
2303 4141 2512 4245 para·
2609 4158 2614 4163 ·

387 4223 785 4319 mentorum
816 4226 1247 4340 emptionem
1278 4226 1395 4320 vel
1434 4242 1906 4331 sai-cntionem,
1921 4264 2076 4319 sive
2117 4222 2510 4337 pauperum

394 4368 817 4453 alimoniam,
856 4378 1067 4461 prout
1094 4364 1314 4438 maior
1356 4366 1673 4457 exegerit
1711 4388 1834 4440 seu
1876 4362 2169 4437 suaserit
2203 4360 2515 4436 necessi-
