3292 5275
861 464 1022 549 344

850 608 999 680 ‘bus
1054 608 1261 700 plene
1312 602 1706 681 consultum
1764 610 1921 680 fuit.
1977 604 2112 679 Ubi
2169 626 2362 680 nune
2425 610 2638 682 datae
2699 608 2868 683 [idei
2929 626 3010 683 et

862 739 1187 820 acceptae
1270 718 1670 799 sanctitas?
1727 724 1865 800 Ubi
1923 750 2078 801 eam
2163 730 2408 803 tuendi
2493 742 2567 803 et
2621 752 3004 824 oppressos

857 845 1276 921 sublevandi
1358 849 1667 923 studium
1731 852 1807 921 in
1863 852 1977 935 iis,
2035 854 2153 946 qui
2211 872 2451 923 voeem
2537 854 2866 925 attollere
2927 866 3006 925 et

856 982 1149 1061 possent
1202 979 1275 1042 et
1330 964 1735 1042 deberent?

1070 1086 1259 1162 Haeo
1314 1093 1500 1163 mala
1559 1106 2027 1179 recensentes,
2087 1113 2230 1167 non
2289 1114 2694 1187 possumus,
2751 1088 3000 1168 Vene-

859 1208 1113 1283 ‘ubiles
1150 1205 1643 1299 Fratres3'non
1684 1212 1933 1289 intimo
1995 1212 2227 1289 dolore
2283 1216 2616 1300 eruciari,
2655 1216 2992 1289 videntes

852 1322 1117 1405 cinna
1174 1346 1369 1426 parte
1421 1346 1760 1427 quantum
1799 1334 2064 1411 bellum
2103 1335 2298 1429 impii
2353 1349 2426 1409 et
2483 1337 2802 1411 infideles
2841 1340 2997 1411 eal-

856 1448 999 1523 lida
1036 1453 1417 1545 impietatis
1456 1454 2017 1533 dissimulatione
2058 1457 2410 1532 moverint
2445 1471 2698 1531 eontra
2749 1454 2992 1533 Deum

854 1582 931 1642 et
966 1564 1205 1646 eontra
1260 1573 1573 1651 divinum
1630 1598 1835 1671 opuS,
1876 1578 2064 1675 quod
2097 1576 2280 1671 lpse
2336 1579 2664 1653 fundavit
2725 1580 2802 1650 in
2841 1592 2995 1651 ter-

854 1692 1279 1791 tffi‘s,1quod·
1318 1720 1447 1773 suo
1530 1701 1780 1793 spiritu
1865 1703 2084 1793 regit,
2139 1702 2326 1797 quod
2409 1702 2562 1775 eius
2643 1703 2992 1794 promissa

852 1831 1197 1909 tuentum
1252 1842 1341 1893 ex
1398 1814 1617 1894 altera
1686 1834 1941 1896 -autem
1999 1836 2198 1916 parte
2256 1843 2400 1896 non
2483 1823 2690 1895 modo
2755 1822 2990 1895 nullos

852 1952 1001 2014 tam
1050 1942 1367 2017 nefariae
1419 1944 1884 2017 coniurationi
1939 1936 2200 2018 obiiees
2255 1946 2544 2038 opponi,
2585 1944 2710 2017 sed
2765 1944 2988 2016 etiam

852 2063 1261 2137 adiumenta
1318 2084 1399 2135 ac
1456 2061 1903 2137 incitamenta
1991 2060 2175 2150 addi,
2233 2087 2366 2138 nee
2441 2066 2737 2156 eogitari
2791 2066 2990 2158 quod

854 2178 1217 2260 Eectesiae
1270 2206 1479 2257 eausa
1518 2197 1589 2256 et
1646 2186 1923 2261 iuribus
1979 2186 2350 2280 oppressiS,
2389 2198 2674 2259 caetera
2731 2187 2988 2259 buma-

846 2323 973 2376 na·
1004 2301 1161 2377 iura
1217 2317 1288 2377 et
1340 2306 1575 2378 civilis
1628 2308 1986 2380 societatis
2049 2305 2531 2401 tranquillitas
2605 2306 2988 2380 incolumis

854 2444 1005 2498 esse
1060 2448 1197 2498 non
1260 2427 1497 2519 possit.

896 2544 905 2553 ’
1066 2544 1163 2617 At
1198 2548 1269 2619 in
1308 2558 1551 2620 tantae
1589 2551 2026 2643 tempestatis
2079 2550 2399 2623 fluetibus
2435 2551 2664 2626 omnis
2721 2551 2986 2627 fiducia

852 2661 1133 2753 Nostra,
1194 2665 1645 2744 venerabiles
1701 2668 2007 2757 Fratres,
2065 2672 2356 2746 firmiter
2407 2675 2480 2746 in
2534 2670 2684 2747 Deo
2743 2695 2984 2767 perse-

842 2803 1075 2862 veret.
1132 2785 1366 2863 Causa
1422 2793 1606 2864 enim
1652 2782 1869 2885 'quam
1929 2807 2235 2880 tuemur,
2277 2791 2403 2867 Dei
2459 2815 2670 2868 eausa
2725 2810 2870 2881 est,
2909 2810 2984 2869 et

852 2911 1094 2984 lieet-a
1152 2908 1411 2984 Divino
1452 2909 1790 3005 Magistro
1833 2934 2200 3006 pressurae
2238 2913 2446 2987 nobis
2485 2918 2557 2987 in
2595 2915 2734 2990 hoe
2767 2939 2980 2993 muu-

846 3031 1537 3123 dol.praenunuatae
1620 3035 1915 3119 fuerint,
1973 3033 2154 3108 idem
2242 3049 2479 3108 tamen
2561 3038 2634 3107 in
2691 3059 2766 3109 se
2825 3061 2980 3132 spe—

840 3164 1087 3229 mtes
1138 3151 1301 3226 non*
1336 3145 1627 3238 deserit,
1689 3175 1904 3249 seque
1961 3148 2332 3230 nobiscum
2387 3177 2608 3249 usque
2657 3160 2744 3230 ad
2801 3182 2980 3232 eon-

846 3269 1391 3348 summationem
1432 3275 1692 3348 saeculi
1749 3279 2060 3358 futurum
2115 3299 2272 3351 esse
2314 3279 2668 3370 promisit.
2723 3275 2976 3354 Nonne

842 3391 1377 3469 enim-divinae
1432 3397 1587 3470 eius
1642 3397 1908 3489 gratiae
1965 3401 2198 3472 virtus
2257 3402 2422 3483 fuit,
2481 3421 2664 3493 quae
2749 3423 2976 3494 usque

836 3517 937 3588 ad
990 3517 1171 3588 hane
1226 3514 1413 3600 diem
1472 3520 1806 3590 in·-tanto
1853 3523 2264 3605 certamine,
2305 3531 2458 3593 tum
2514 3515 2976 3595 venerabiles

836 3631 1130 3712 Fratres
1211 3634 1619 3731 Episcopo&
1691 3650 1843 3712 tum
1917 3635 2330 3714 Sacerdotes
2411 3654 2484 3712 et
2565 3637 2846 3714 Fideles
2903 3645 2976 3713 in

842 3754 1246 3844 Germania,
1307 3761 1379 3831 in
1462 3756 1832 3845 Helvetia,
1876 3763 1961 3833 in.
2017 3758 2324 3834 Orientis
2409 3762 2844 3854 regionibuS,
2901 3763 2976 3836 in

836 3878 1215 3955 Amerieae
1266 3882 1488 3973 plagis
1543 3883 1641 3953 ita
1699 3884 2154 3966 sustentavit,
2197 3895 2276 3955 ut
2329 3885 2772 3957 admirabilia
2833 3906 2976 3958 ex-

839 4001 1073 4096 empla
1128 4002 1589 4087 constantiae,
1638 4003 1798 4090 zeli,
1857 4003 2045 4090 fidei,
2104 4006 2412 4077 invictae
2471 4008 2862 4098 patientiae
2899 4019 2976 4078 et

840 4123 1131 4196 virtutis
1189 4143 1436 4218 magna
1490 4140 1653 4198 cum
1695 4126 1914 4216 gloria
1971 4128 2326 4217 religionis
2365 4126 2706 4198 ediderint
2737 4121 2776 4196 ἶ)
2821 4123 2972 4198 Deo

842 4245 1083 4338 itaque
1120 4243 1676 4318 ‘elementisimo
1731 4249 1990 4338 gratias
2073 4247 2480 4333 babeamuS,
2537 4249 2656 4343 qui
2721 4243 2973 4321 Eeele-

844 4348 1009 4439 siae'
1072 4389 1243 4442 sune
1278 4366 1381 4458 ¹in
1452 4369 1662 4440 tantis
1753 4368 2313 4442 tribulationibus
2395 4391 2524 4442 suo
2611 4371 2960 4461 praesidio
