3292 5275
828 454 987 538 314

829 591 900 667 S.
958 591 1159 668 Sedis
1215 593 1692 690 principatum
1745 593 2064 670 Romano
2115 593 2442 670 Pontifici
2499 600 2718 673 fuisse
2783 599 2938 670 sin-

827 717 1053 807 gulari
1109 717 1389 788 divinae
1442 713 1948 792 Providentiae
2023 716 2316 791 consilio
2380 719 2648 802 datum,
2709 721 2942 794 illum-

826 855 963 928 que
1016 837 1477 908 necessarium
1530 859 1722 922 esse,
1783 852 1858 909 ut
1941 838 2124 910 idem
2195 833 2546 910 Romanus
2616 834 2942 911 Pontifex

830 955 999 1027 nulli
1057 978 1365 1050 unquam
1419 953 1729 1050 Principi
1787 969 1913 1031 aut
1968 955 2163 1031 civili
2201 953 2542 1029 Potestati
2581 959 2942 1032 subiectus

829 1097 1225 1168 supremam
1280 1078 1597 1151 universi
1634 1074 1985 1150 Dominici
2023 1078 2254 1168 gregis
2311 1079 2638 1169 pascendi
2701 1099 2948 1170 regen-

828 1196 1035 1291 dique
1092 1209 1506 1291 potestatem
1564 1199 2201 1290 auctoritatemque
2285 1198 2375 1268 ab
2457 1199 2606 1292 ipso
2661 1192 2946 1272 Christo

829 1311 1127 1388 Domino
1184 1316 1522 1390 divinitus
1558 1331 1912 1411 acceptam
1953 1339 2081 1412 per
2119 1316 2514 1390 universam
2553 1315 2944 1392 Ecclesiam

810 1437 1225 1530 ’plenissima
1280 1437 1603 1510 libertate
1659 1457 1990 1510 exercere
2033 1459 2116 1510 ac
2155 1438 2404 1509 maiori
2461 1439 2775 1512 eiusdem
2803 1436 2950 1510 Ec-

832 1558 1088 1629 clesiae
1144 1558 1327 1630 bono
1381 1559 1670 1630 utilitati
1725 1570 1800 1630 et
1854 1557 2258 1650 indigentiis
2293 1559 2652 1632 consulere
2701 1563 2944 1652 possit..

834 1673 909 1746 ld
966 1699 1093 1750 vos
1122 1726 1144 1763 ‚
1201 1671 1647 1752 Venerabiles
1703 1675 1982 1752 Fratres
2017 1727 2038 1762 ‚
2095 1702 2178 1752 ac
2263 1680 2622 1752 vobiscum
2682 1676 2948 1754 Fideles

834 1798 1039 1871 vobis
1093 1799 1344 1872 crediti
1400 1802 1613 1892 probe
1671 1801 2146 1894 intelligentes
2176 1851 2200 1886 ,
2253 1802 2506 1872 merito
2563 1822 2808 1874 omnes
2861 1803 2950 1874 ob

834 1939 1113 1990 causam
1172 1919 1570 2012 religioniS,
1632 1922 1940 1996 iustitiae
1993 1935 2070 1994 et
2125 1921 2650 2016 tranquillitatis
2687 1970 2710 2004 ,
2765 1945 2949 2016 quae

833 2041 1284 2113 fundamenta
1342 2055 1507 2116 sunt
1564 2043 1910 2116 bonorum
1967 2043 2300 2127 omnium,
2355 2045 2687 2115 commoti
2751 2046 2950 2127 estiS,

836 2171 906 2232 et
962 2162 1169 2253 digno
1227 2165 1627 2254 spectaculo
1667 2162 1852 2251 fidei,
1915 2164 2260 2246 caritatis,
2299 2164 2763 2250 constantiae,
2804 2166 2956 2236 vir-

836 2283 1009 2356 tutis
1061 2281 1489 2355 illustrantes
1543 2280 1938 2357 Ecclesiam
1993 2279 2123 2357 Dei
2187 2304 2267 2354 ac
2347 2281 2416 2353 in
2483 2284 2640 2356 eius
2721 2285 2956 2358 defen-

837 2402 1105 2474 sionem
1162 2401 1461 2476 fideliter
1517 2405 1826 2490 intenti,
1884 2424 2148 2478 novum
2203 2413 2274 2473 et
2335 2401 2820 2476 admirandum
2879 2405 2954 2474 in

839 2523 1209 2595 annalibus
1244 2523 1401 2596 eius
1438 2525 1836 2618 exemplum
1875 2525 1950 2596 in
1995 2526 2394 2598 futurarum
2431 2525 2956 2614 generationum

835 2644 1237 2717 memoriam
1294 2647 1720 2745 propagatis·
1781 2641 2144 2735 Quoniam
2219 2668 2388 2719 vero
2441 2646 2958 2719 misericordia-

838 2786 995 2839 rum
1050 2760 1239 2839 Deus
1296 2766 1592 2840 istorum
1646 2768 1988 2840 bonorum
2043 2778 2152 2839 est
2223 2777 2468 2840 auctor
2509 2813 2529 2849 ,
2587 2768 2673 2838 ad
2731 2768 2956 2861 ipsum

838 2886 1203 2958 elevantes
1258 2888 1531 2969 oculoS,
1586 2889 1792 2960 corda
1849 2900 1918 2959 et
1975 2908 2169 2979 spem
2208 2883 2534 2959 Nostram
2569 2882 2750 2959 Eum
2803 2888 2958 2961 sine

838 3004 1349 3078 intermissione
1406 3008 1860 3079 obsecramur
1889 3055 1910 3092 ,
1971 3021 2046 3078 ut
2101 3010 2498 3099 praeclaros
2552 3018 2831 3080 vestros
2885 3020 2961 3081 et

840 3124 1153 3199 fidelium
1209 3146 1458 3201 sensus
1491 3177 1512 3212 ‚
1568 3140 1640 3200 ct
1697 3148 2132 3201 communem
2189 3128 2522 3221 pietatem
2557 3174 2578 3211 ‚
2637 3127 2960 3203 dilectio-

842 3266 1025 3333 nem,
1062 3250 1291 3320 zelum
1330 3247 1724 3336 confirmet,
1775 3250 2084 3333 roboret,
2127 3260 2404 3342 augeat3
2463 3243 2733 3343 Vosque
2791 3250 2960 3321 item

840 3380 907 3438 et
944 3368 1352 3441 commissos
1420 3370 1837 3461 vigilantiae
1878 3379 2157 3443 vestrae
2199 3370 2496 3461 populos
2543 3371 2761 3441 enixe
2793 3370 2958 3443 bor-

843 3498 1073 3560 tamur
1132 3500 1211 3561 ut
1266 3490 1339 3559 in
1393 3489 1544 3561 dies
1600 3489 1870 3563 firmius
1953 3501 2025 3561 et
2111 3488 2396 3563 uberius
2469 3511 2610 3585 quo
2675 3488 2958 3581 gravius

843 3606 1197 3683 dimicatio
1254 3609 1533 3695 fervet,
1586 3606 1968 3685 Nobiscum
2025 3610 2340 3683 clametis
2397 3611 2486 3681 ad
2541 3607 2960 3695 Dominum,

842 3749 981 3820 quo
1020 3729 1171 3819 ipse
1210 3726 1726 3820 propitiationis
1781 3752 1954 3805 suae
2012 3730 2164 3803 dies
2220 3741 2572 3803 maturare
2609 3729 2956 3821 dignetur.

842 3844 1117 3921 Efficiat
1184 3844 1373 3919 Deus
1456 3862 1535 3922 ut
1592 3848 1956 3943 Principes
2043 3862 2270 3925 terrae
2355 3872 2661 3944 quorum
2733 3854 2966 3924 maxi-

843 3988 955 4040 me
1022 3970 1317 4039 interest
1349 4017 1370 4054 ,
1430 3989 1519 4042 ne
1588 3973 1730 4043 tale
1813 3970 2288 4065 usurpationis
2356 3992 2568 4066 quam
2622 3967 2762 4044 Nos
2834 3994 2963 4065 pa·

847 4088 1061 4161 timur
1116 4091 1513 4182 exemplum
1594 4092 1671 4163 in
1745 4094 2132 4185 perniciem
2183 4092 2418 4165 omnis
2471 4094 2836 4187 potestatis
2889 4103 2960 4166 et

844 4207 1109 4280 ordinis
1162 4220 1512 4281 statuatur
1564 4223 1637 4283 et
1694 4212 1982 4304 vigeat,
2039 4234 2181 4286 una
2240 4234 2485 4286 omnes
2569 4214 2964 4286 animorum

844 4337 915 4400 ct
972 4328 1421 4403 voluntatum
1502 4335 1964 4411 consensione
2025 4334 2465 4425 iungantur,
2526 4358 2605 4409 ac
2664 4334 2960 4412 sublatis
