3292 5275
840 478 999 561 298

840 622 1271 715 infrascripta
1326 624 1441 695 die
1494 620 1808 695 collectis
1845 616 2006 693 Emi
2061 634 2136 693 et
2189 616 2346 692 Rffii
2401 618 2644 693 Patres
2699 616 2952 695 Cardi-

840 744 1029 815 mles
1082 744 1301 816 sacris
1356 743 1639 816 tuendis
1676 737 1961 814 Ritibus
2017 742 2424 835 praepositi,
2485 742 2724 817 audita
2779 743 2956 815 rela-

840 862 1031 935 tione
1086 858 1247 936 Ειῑιί
1330 874 1402 937 et
1458 860 1618 936 Risui
1673 859 2070 936 Cardinalis
2135 857 2574 935 Constantini
2659 858 2950 935 Patrizii

842 978 1173 1076 Episcopi
1226 978 1575 1056 Ostiensis
1630 996 1702 1055 et
1756 974 2156 1066 Veliterni,
2215 978 2407 1053 Sacri
2461 977 2756 1073 Collegii
2813 976 2958 1055 De-

842 1104 1033 1186 cani,
1088 1104 1315 1175 eidem
1369 1098 1445 1175 S.
1505 1099 2048 1197 congregationi
2102 1097 2486 1185 Praefecti,
2543 1096 2958 1196 Causaeque

842 1216 1183 1296 Ponentis
1212 1272 1233 1308 ,
1300 1223 1754 1295 consideratis
1828 1221 2565 1297 animadversionibus
2633 1218 2722 1293 R.
2753 1216 2835 1292 P.
2867 1215 2954 1294 D.

842 1336 1037 1415 Petri
1088 1336 1365 1415 Minetti
1400 1339 1703 1416 Sanctae
1739 1339 1931 1415 Fidei
1969 1338 2428 1426 Promotoris‚
2489 1339 2780 1415 Patroni
2821 1338 2962 1415 Ca-

844 1482 1015 1537 usae
1070 1462 1421 1556 responsis
1446 1511 1469 1545 ,
1524 1483 1658 1535 nec
1713 1484 1854 1535 non
1911 1458 2420 1555 'theologorum
2475 1482 2604 1555 pro
2659 1462 2960 1537 veritate

847 1582 1270 1669 sententiis3
1324 1583 1654 1656 omnibus
1703 1583 2007 1677 denique
2063 1584 2512 1655 severissime
2578 1582 2742 1655 hinc
2797 1581 2964 1655 inde

848 1700 1119 1774 libratis
1151 1750 1172 1785 ,
1258 1703 1567 1776 unanimi
1640 1722 1986 1777 consensu
2071 1701 2594 1777 rescribendum
2669 1688 2967 1778 censue-

848 1833 1059 1896 runt:
1108 1818 1639 1897 consulendum
1675 1817 2142 1897 sanctissimo
2169 1844 2308 1921 pro
2361 1822 2800 1897 concessione
2833 1846 2966 1899 een

848 1938 1329 2015 declaratione
1378 1954 1449 2015 et
1501 1941 1910 2017 extensione
1961 1936 2060 2013 cd
2111 1941 2514 2015 nniversam
2571 1939 2968 2017 Ecclesiam

848 2058 1039 2135 tituli
1092 2059 1413 2137 Doctoris
1492 2060 1569 2133 in
1623 2061 1962 2135 honorem
2015 2057 2091 2137 S
2153 2057 2497 2159 Alphonsi
2551 2058 2827 2137 Mariae
2877 2061 2968 2137 de

848 2178 1166 2277 Liyorim
1219 2204 1385 2253 cnm
1426 2180 1676 2281 Officio
1727 2195 1798 2255 et
1834 2178 2046 2255 Missa
2099 2182 2250 2255 iam
2301 2180 2672 2265 concessis,
2725 2177 2968 2257 addua

848 2297 1141 2385 Credo,
1198 2296 1603 2401 Antiphone
1681 2317 1748 2375 et
1830 2299 2234 2401 Magnifica
2304 2302 2382 2375 in
2453 2301 2770 2401 utrisque
2831 2300 2973 2377 Ve-

848 2420 1101 2521 sper-is.-
1156 2417 1220 2494 Ο
1284 2418 1583 2507 Doctor,
1638 2446 1725 2497 ac
1781 2420 2234 2499 Lectionibus
2288 2420 2348 2496 Ι.
2409 2418 2787 2495 Nocturni:
2843 2418 2974 2495 Sa-

853 2543 1218 2634 pientiam,
1256 2554 1326 2615 et
1372 2538 1581 2616 VIII.
1629 2542 2121 2646 Responsorio:
2180 2541 2260 2615 In
2315 2542 2544 2617 medio
2591 2538 2970 2617 Ecclesiae.

854 2660 985 2736 Die
1044 2655 1133 2739 11
1196 2660 1435 2737 Martii
1502 2656 1726 2740 1871.

1064 2779 1505 2860 Postmodum
1542 2789 1726 2861 facta
1765 2789 2017 2862 horum
2061 2789 2374 2862 omnium
2409 2801 2484 2860 et
2537 2787 2974 2878 singulorum

854 2905 1081 2978 eidem
1136 2900 1599 2979 sanctissimo
1683 2903 1986 2980 Domino
2039 2902 2296 2982 Nostro
2367 2902 2499 2980 Pio
2552 2902 2794 3000 Papae
2846 2900 2969 2976 lx.

858 3045 983 3118 per
1036 3025 1561 3118 infrascriptum
1618 3026 1836 3120 ipsius
1892 3023 1969 3099 S.
2023 3022 2606 3118 Congregationis
2651 3022 2978 3098 Secreta-

858 3145 1039 3218 rium
1078 3144 1265 3218 fideli
1306 3146 1670 3232 relatione,
1709 3144 2062 3222 Sanctitas
2093 3141 2236 3218 Sua
2285 3143 2361 3218 S.
2403 3141 2980 3238 congregationis

858 3261 1301 3359 Rescriptum
1362 3267 1786 3359 adprobavit
1851 3277 1922 3340 et
1979 3266 2469 3354 confirmavit3
2533 3287 2612 3338 ac
2673 3267 2979 3360 desuper

860 3387 1185 3478 generale
1239 3381 1621 3460 Decretum
1660 3383 1868 3462 Urbis
1921 3401 1998 3460 et
2050 3383 2260 3460 Orbis
2315 3385 2624 3480 expediri
2679 3386 2980 3458 manda-

860 3507 987 3578 vit.
1046 3501 1177 3579 Die
1230 3497 1335 3580 23
1392 3507 1637 3580 iisdem
1693 3528 1934 3582 mense
1987 3521 2061 3582 et
2117 3529 2324 3582 anno.

860 3743 945 3820 C.
988 3745 1113 3821 Er.
1150 3743 1428 3822 Osrrtu.
1474 3771 1553 3822 m·
1592 3744 1956 3822 vantram«.
1993 3745 2200 3824 Cano.
2243 3743 2618 3820 ΡΑΤΒΙΖΙ
2655 3745 2728 3818 S.
2763 3743 2852 3818 R.
2887 3743 2980 3830 C,

1072 3865 1315 3942 Pusr.

864 4105 1237 4202 Lars,

1518 4349 1607 4427 D.
1651 4350 2009 4428 Bartolini
2047 4351 2123 4430 S.
2153 4351 2241 4428 R.
2282 4349 2360 4428 C.
2403 4350 2876 4456 secretarius.
2933 4429 2940 4436 ,
