3292 5275
282 640 502 714 sacris
555 658 762 735 porro
813 634 1216 713 canonibus
1271 648 1345 713 et
1369 633 2005 713 constitutionibus
2058 654 2133 715 et
2166 639 2395 717 Occu-

281 762 596 833 menicae
624 760 1030 854 praesertim
1049 756 1336 853 synodo
1361 740 1813 833 Tridentinae
1830 762 2116 835 minime
2143 764 2397 839 adver-

285 883 539 968 santia,
559 882 678 953 sed
711 882 996 973 penitus
1037 890 1743 974 consentaneafquae
1774 879 2219 977 abEpiscopo
2238 888 2395 959 eius

282 996 616 1075 Antistite
645 999 1132 1093 perpendenda
1187 1010 1260 1073 et
1315 1001 1763 1095 approbanda
1795 1001 1961 1089 sint,
1992 1004 2394 1098 priusquam

281 1123 498 1195 robur
556 1132 628 1195 et
665 1120 1012 1215 efficacem
1045 1124 1216 1213 legis
1277 1122 1422 1193 vim
1478 1124 1795 1194 obtinere
1848 1124 2157 1197 valeant.
2192 1121 2394 1213 Quod

280 1253 517 1317 autem
548 1243 636 1314 ad
677 1243 1104 1334 singularum
1145 1236 1715 1335 praebendarum
1737 1232 2409 1321 Ecclesiasticarum

287 1364 360 1433 in
388 1358 704 1436 Dioecesi
741 1366 1078 1436 universa
1113 1364 1524 1435 collationes
1557 1364 1893 1461 pertinet,
1926 1366 2218 1460 quisque
2265 1390 2393 1462 pro

285 1492 600 1577 tempore
637 1480 1168 1578 Antioquiensis
1205 1481 1528 1557 Antistes
1593 1485 2051 1559 observanter
2098 1489 2393 1581 'satagat

285 1605 622 1677 adhibere
677 1604 1080 1679 methodum
1137 1626 1180 1678 a
1232 1601 1474 1678 Sacris
1509 1601 1924 1679 Canonibus
1979 1618 2053 1680 et
2092 1606 2397 1701 Aposto-

283 1725 438 1797 licis
466 1722 1108 1799 constitutionibus
1149 1710 1680 1819 praescriptam}
1722 1726 2127 1819 expressius
2176 1728 2393 1822 ipsius

285 1844 690 1919 Antistitem
725 1866 1078 1919 monemus
1105 1856 1178 1919 et
1203 1846 1692 1932 hortatum-‚ut
1730 1848 1985 1919 nedum
2022 1830 2412 1923 Parochiass

283 1965 388 2037 les
415 1961 778 2039 Ecclesiae
815 1969 1089 2061 aliaque
1125 1964 1470 2039 Beneficia
1517 1988 1757 2039 curam
1818 1970 2211 2043 animarum
2269 1971 2399 2042 ad·-

286 2106 530 2159 nexam
583 2086 944 2175 habentia,
975 2107 1222 2161 verum
1276 2090 1491 2161 etiam
1545 2086 2033 2162 canonicatus
2098 2087 2399 2164 Tlieolo-

287 2208 465 2297 galis
493 2230 576 2281 ac
611 2205 1237 2297 PoenitentiariuS,
1259 2212 1496 2281 statim
1535 2230 1616 2281 ac
1654 2212 1869 2281 erecti
1908 2209 2191 2291 fuerint,
2216 2232 2399 2284 non-

285 2328 420 2397 nisi
477 2347 600 2420 per
651 2350 1100 2417 concursum,
1126 2337 1198 2401 et
1257 2330 1839 2422 praestantiorum
1898 2328 2395 2422 requisitorum

285 2466 326 2516 a
356 2448 744 2537 praedictis
781 2446 1442 2522 constitutionibus
1473 2460 1899 2523 statutorum
1939 2448 2399 2525 uniuscuius-

283 2586 422 2659 que
477 2571 956 2662 competitoris
1011 2572 1586 2664 experimentum
1624 2571 1838 2665 probe
1876 2572 2393 2666 diligenterque

279 2689 744 2779 exploratum
795 2693 1266 2764 conferantur.
1327 2687 1837 2764 Verumtamen
1904 2701 1985 2762 ut
2068 2694 2399 2786 frequen-

281 2807 417 2879 tior
467 2823 862 2883 succrescat
932 2812 1280 2883 bonorum
1327 2807 1927 2904 Presbyterorum
1982 2814 2209 2903 copia,
2267 2835 2401 2886 ne-

281 2929 448 3001 dum
503 2930 590 3002 ad
645 2932 1058 3022 augendum,
1093 2944 1170 3003 ut
1222 2934 1650 3024 praefertur,
1680 2915 2185 3024 capitularium
2252 2954 2397 3007 nu·-

277 3071 572 3136 merum,
605 3074 855 3126 verum
909 3053 1120 3126 etiam
1162 3053 1245 3125 ad
1289 3075 1450 3124 eam
1491 3055 1666 3125 satis
1705 3055 1915 3125 latam
1954 3048 2218 3124 christi
2250 3049 2397 3124 Do-

275 3174 446 3246 mini
503 3175 780 3248 vineam
817 3175 1251 3246 fructuosius
1295 3173 1784 3255 excolendam,
1825 3174 2070 3244 eadem
2100 3169 2399 3264 Aposto-

277 3299 416 3368 lica
482 3296 912 3368 auctoritate
995 3293 1394 3376 statuimuS,
1451 3306 1530 3364 ut
1585 3289 2017 3364 clericorum
2083 3288 2399 3364 Semina-

276 3417 461 3488 rium
521 3415 806 3488 restitui·
849 3414 1102 3486 debeat
1159 3415 1245 3484 ad
1304 3411 1596 3505 praefati
1654 3411 1951 3485 Concilii
1994 3409 2411 3485 Tridentini·

277 3557 619 3621 normam,
645 3537 794 3608 sive
823 3534 1266 3626 magnificum
1297 3533 1473 3605 illud
1513 3531 1939 3618 aedificium,
1966 3521 2045 3603 in
2082 3553 2219 3624 quo
2256 3517 2395 3603 iam

276 3659 740 3730 constitutum
799 3665 988 3738 erat,
1019 3657 1380 3748 quodque,
1411 3664 1492 3724 ut
1521 3655 1945 3746 accepimus,
1985 3653 2053 3724 in
2092 3653 2395 3726 civicum

276 3775 671 3870 Collegium
733 3795 964 3867 nuper
1019 3793 1441 3848 conversum
1497 3775 1657 3856 fuit,
1688 3773 2195 3865 recuperando,
2238 3775 2395 3847 sive

275 3875 672 3970 aliud'satis
715 3896 1082 3983 idoneum,
1120 3896 1470 3987 rebusque
1510 3891 1924 3965 necessariis
1972 3893 2395 3966 instructum

271 4016 780 4109 comparando,
814 4017 1019 4108 eique
1067 4037 1212 4087 una
1261 4035 1420 4087 cum
1459 4013 1777 4086 omnibus
1818 4022 1887 4084 et
1926 4012 2212 4104 singulis
2252 4015 2403 4104 pri-

275 4136 486 4209 stinis
539 4136 729 4211 illius
787 4137 1020 4221 bonis,
1055 4136 1290 4222 rebus,
1323 4144 1395 4208 et
1451 4136 2003 4228 quibuscumque
2056 4133 2401 4206 reditibus

274 4259 574 4330 adnexis
635 4277 1016 4351 congruam
1074 4256 1306 4328 dotem
1365 4257 1812 4329 efformando.
1862 4252 2151 4328 Sartum
2206 4253 2401 4327 insu-

273 4399 404 4470 per
465 4389 866 4472 tectumque
925 4374 1045 4463 sit,
1075 4389 1154 4448 ut
1205 4376 1377 4449 illud
1433 4378 1516 4448 ab
1549 4372 1933 4449 ‚Ordinario
1986 4377 2155 4452 loci,
2200 4375 2397 4448 iuxta

1870 4499 1969 4581 10
