3292 5275
2295 480 2452 563 279

326 618 851 712 tranquillitatis
890 628 1191 709 portum,
1234 639 1359 711 pro
1396 627 1734 712 paternae
1781 616 2077 693 Nostrae
2135 622 2450 694 caritatis

324 740 589 822 studio,
648 759 1086 813 vocaremus.
1148 734 1463 825 Utinam,
1501 733 1682 811 Vcn.
1739 736 2011 823 Frater,
2069 742 2450 815 humilitati

322 857 621 933 Nostrae
676 859 913 943 detur,
972 880 1177 951 posse
1234 880 1386 932 rem
1440 872 1585 931 tam
1651 862 2036 933 salutarem
2101 862 2452 937 honorum

324 981 514 1055 votis
551 990 963 1073 exoptatam
1002 974 1349 1053 obtinere!
1380 976 1670 1053 Nullum
1707 982 1896 1053 enim
1933 994 2126 1053 ccrte
2165 983 2448 1057 modum

324 1103 399 1171 in
459 1099 747 1190 agendis
824 1097 972 1173 Deo
1026 1101 1277 1190 gratiis
1352 1094 1569 1173 Nobis
1635 1101 2028 1193 imposituri
2103 1122 2450 1189 essemuS,

324 1230 703 1313 propterea
738 1222 923 1315 quod
954 1232 1099 1293 tam
1154 1220 1453 1311 insignis
1490 1220 1653 1294 boni
1683 1222 2101 1314 procurandi
2135 1219 2280 1296 Nos
2317 1226 2451 1297 ad-

322 1342 689 1416 ministros
744 1352 818 1413 et
868 1351 1358 1433 cooperatores
1436 1340 1766 1412 adhibere
1825 1343 2150 1435 dignatus
2223 1358 2440 1417 esset.

322 1462 421 1535 At
456 1482 629 1535 vero
684 1462 770 1533 ad
807 1461 1207 1535 huiusmodi
1254 1460 1463 1532 finem
1520 1463 2072 1558 assequendum,
2115 1474 2322 1559 atque
2359 1466 2450 1537 ad

320 1582 453 1655 hoc
508 1594 589 1657 ut
642 1594 787 1654 tam
840 1581 1214 1653 diuturnae
1270 1599 1658 1674 gravesque
1715 1582 2180 1667 calamitates,
2223 1587 2447 1661 veluti

320 1706 782 1777 vehementer
834 1714 1183 1797 optamus,
1240 1722 1518 1773 cessare
1584 1705 1890 1794 possint,
1951 1724 2238 1777 necesse
2304 1718 2443 1793 est,

320 1834 399 1893 ut
434 1820 706 1897 Nostris
757 1823 945 1897 hisce
1002 1822 1402 1906 desideriis,
1442 1833 1513 1892 et
1551 1835 1893 1914 paternae
1949 1824 2446 1899 sollicitudinis

318 1944 623 2017 stimulis
678 1945 935 2017 dociles
990 1941 1453 2015 adhibeantur
1510 1942 1762 2027 animi,
1805 1963 1886 2015 ac
1925 1944 2190 2036 pacatis
2237 1944 2444 2021 immo

317 2064 679 2159 diremptis
738 2075 839 2137 tot
892 2064 1293 2135 animorum
1350 2062 1862 2135 offensionibus
1919 2066 2141 2154 optati
2192 2084 2444 2153 sensus

318 2196 611 2259 mutuae
666 2184 959 2257 fiduciae
1014 2195 1441 2276 mutuaeque
1494 2184 1917 2257 concordiae
1965 2186 2248 2258 omnino
2286 2208 2446 2260 suc·-

316 2306 595 2379 cedant.
655 2301 913 2394 Quidni
968 2324 1253 2399 sperare
1310 2305 1532 2395 possit
1571 2300 1732 2377 Iesu
1785 2298 2045 2377 Christi
2102 2306 2177 2378 in
2235 2308 2442 2378 terris

318 2422 641 2501 Vicat-ius
678 2438 759 2498 ut
792 2427 1005 2501 huius
1044 2426 1191 2497 voti
1232 2446 1515 2517 compos
1554 2426 1701 2511 fiat,
1742 2438 1972 2519 atque·
2006 2426 2100 2497 ita
2160 2428 2442 2499 tandem

314 2550 897 2642 tranquillitatem
950 2569 1029 2619 ac
1088 2566 1327 2640 pacem
1367 2557 1511 2619 tam
1567 2548 1838 2641 amplae
1895 2542 2220 2640 Europae
2258 2549 2440 2641 parti

312 2669 555 2742 videat
618 2661 1085 2743 restitutam?
1136 2663 1278 2740 Nos
1336 2667 1566 2763 itaque
1628 2680 1690 2738 te
1759 2666 2202 2762 requirimuS,
2262 2664 2431 2742 Ven.

312 2786 595 2874 Frater,
624 2792 749 2885 qui
774 2787 1093 2862 Antistes
1124 2809 1201 2862 es
1240 2789 1449 2860 istius
1478 2788 1698 2874 urbis,
1719 2789 1836 2859 ubi
1871 2810 2028 2882 pars
2058 2810 2304 2861 eorum
2333 2813 2440 2864 re-

312 2909 527 2997 sidet,
562 2911 681 3004 qui
720 2909 1039 3002 publicas
1076 2905 1351 2980 Galliae
1389 2930 1501 2980 res
1541 2908 2030 2996 moderantur,
2063 2929 2148 2980 ac
2187 2911 2433 2984 maiori

312 3053 449 3124 qua
507 3052 875 3123 possumus
930 3028 1383 3104 contentione
1440 3030 1820 3112 hortamur,
1866 3041 1944 3100 ut
1999 3049 2123 3120 pro
2179 3031 2436 3106 eximio

314 3165 439 3224 tuo
492 3152 828 3242 pastorali
888 3150 1041 3222 zelo
1098 3149 1275 3222 hanc
1317 3150 1484 3222 tanti
1542 3151 1873 3220 momenti
1926 3170 2212 3223 causam
2251 3153 2434 3242 apud

310 3272 597 3344 eosdem
635 3271 1079 3364 publicarum
1134 3291 1371 3343 rerum
1416 3265 1894 3342 Moderatores
1950 3270 2289 3364 suscipias
2327 3283 2438 3350 at<-

311 3413 447 3486 que
486 3410 767 3484 urgeaS,
808 3393 1157 3489 simulque
1196 3391 1607 3465 confidimus
1675 3401 1836 3464 tuos
1875 3392 1950 3482 in
2007 3387 2432 3482 Episcopatu

309 3505 627 3603 Collegae
682 3512 917 3605 ipsum
971 3513 1103 3584 hoc
1140 3533 1317 3604 opus
1357 3532 1605 3583 eorum
1661 3508 1931 3582 virtute
1987 3521 2059 3579 et
2099 3509 2431 3596 religione

311 3632 602 3726 dignum
656 3631 1049 3706 coniunctis
1106 3614 1339 3704 tecum
1397 3630 1650 3705 studiis
1709 3631 2002 3722 impigre
2071 3641 2436 3724 promotu-

310 3771 425 3824 ros
456 3799 481 3835 ,
534 3769 675 3846 quo
729 3761 923 3824 certe
989 3750 1076 3821 de
1142 3752 1367 3844 patria
1420 3773 1499 3822 ac
1556 3750 1894 3842 religione
1951 3751 2216 3840 optime
2271 3773 2430 3824 me-

310 3881 622 3944 reantur.
660 3867 867 3942 Nulla
923 3870 1136 3961 igitur
1193 3870 1609 3964 interposita
1667 3892 1891 3967 mora,
1933 3865 2108 3940 Ven.
2152 3867 2428 3960 Frater,

307 4011 431 4081 age
472 3991 617 4064 tuis
654 3990 1105 4062 suasionibus
1143 3993 1329 4084 apud
1366 3991 1705 4076 homineS,
1746 3988 1870 4080 a'ge
1910 3990 2203 4064 fervidis
2243 3991 2424 4083 apud

307 4105 533 4184 Deum
587 4111 961 4204 precihu8,·
1004 4121 1543 4206 spectatumque
1591 4122 1878 4185 tuorum
1933 4107 2258 4186 Fratrum
2316 4133 2432 4184 ze-

306 4232 455 4304 lum
490 4232 561 4302 in
602 4231 1017 4304 societatem
1072 4244 1355 4313 tuorum
1394 4233 1788 4326 studiorum
1847 4233 2215 4316 incendaS,
2257 4233 2425 4308 dum

308 4347 445 4426 Nos
500 4373 583 4426 ea
640 4351 891 4428 fiducia
950 4351 1263 4448 nitimur¹
1300 4356 1475 4438 fore,
1534 4365 1613 4427 ut
1669 4350 1856 4425 Deus
1915 4355 2030 4426 det
2087 4357 2244 4430 voci
2302 4375 2426 4428 ve·
