3292 5275
2286 471 2435 557 251

323 591 858 702 Arcliiepiscopo
896 603 1394 684 Mobiloviensi
1436 609 1841 686 facultatem
1870 605 2273 702 Apostolica
2302 609 2445 682 Au-

323 733 639 804 ctoritate
667 725 920 802 Nostra
953 742 1192 802 tenore
1227 732 1703 822 praesentium
1742 731 2203 823 impertimur,
2237 732 2439 803 cuius

323 853 404 926 vi
453 852 884 945 praedictum
919 847 1332 943 Capitulum
1388 863 1460 924 et
1499 847 2011 930 Consistorium
2078 840 2445 924 transferri

322 966 754 1065 Petropolir'n
803 971 996 1044 licite
1039 971 1289 1064 possit,
1318 972 1486 1065 quin
1527 981 1761 1047 tamen
1794 981 2039 1065 ’neque
2067 966 2445 1054 Cathedra‚

327 1111 556 1186 neque
610 1088 1255 1186 Arebiepiscopalis
1313 1092 1554 1164 titulus
1610 1091 1683 1162 in
1751 1112 2011 1165 novam
2066 1087 2449 1173 Ecclesiam

323 1207 687 1304 Petropoli
745 1233 872 1304 pro
899 1206 1312 1298 Catholicis,
1341 1222 1421 1282 ut
1459 1233 1673 1304 supra
1714 1214 1975 1285 dictum
2013 1224 2147 1298 est,
2179 1224 2449 1286 exstru-

325 1341 538 1417 ctam,
579 1345 651 1405 et
703 1335 778 1404 in
828 1356 970 1426 >qua
1023 1334 1543 1410 ecclesiasticae
1600 1335 2081 1406 caeremoniae
2134 1332 2445 1427 sacrique

327 1450 504 1524 ritus
573 1455 662 1526 ab
720 1450 1267 1547 Archiepiscopo
1303 1501 1323 1538 ,
1386 1456 1675 1546 eiusque
1740 1449 2066 1546 Capitulo
2141 1453 2449 1526 celebra-

327 1574 620 1659 buntur,
681 1575 1202 1647 transferatur:
1266 1572 1693 1649 Cathedram
1748 1577 1931 1649 enlm
1986 1585 2058 1648 et
2092 1571 2454 1667 Archiepi-

330 1695 679 1786 scopalem
733 1697 1016 1768 titulum
1046 1690 1536 1767 Mobiloviensi
1594 1691 1951 1767 Ecclesiae
2009 1696 2279 1768 servari
2321 1716 2451 1768 vo·-

329 1815 594 1901 lumuS,
629 1817 727 1887 ita
781 1828 865 1888 ut
900 1813 1480 1910 Arcbiepiscopus
1535 1810 2117 1890 Moliiloviensem
2174 1817 2447 1886 titulum

325 1938 624 2011 retinere
679 1937 954 2021 debeat,
986 1948 1060 2008 et
1113 1937 1586 2028 supradictum
1639 1931 2043 2028 Capitulum
2106 1937 2449 2008 habeatur

336 2079 614 2151 semper
665 2069 738 2129 et
793 2059 1196 2130 nominetur
1250 2054 1643 2150 Capitulum
1703 2052 2281 2150 Metropolitanae
2311 2053 2453 2128 Ec-

333 2180 588 2252 clesiae
618 2173 1160 2250 Mobiloviensis.
1195 2173 1490 2250 Proinde
1546 2175 2041 2270 praecipimus,
2075 2189 2156 2248 ut
2185 2173 2451 2249 Metro-

331 2299 624 2391 politani
679 2301 921 2389 templi
977 2294 1499 2370 Mobiloviensis
1557 2299 1799 2370 cultus
1853 2321 1963 2385 ea,
2020 2318 2201 2392 quae
2258 2299 2450 2372 illius

335 2418 752 2510 dignitatem
816 2421 1062 2502 decet,
1122 2420 1394 2490 ratione
1451 2429 1829 2505 servetur,
1886 2430 1959 2490 et
2015 2419 2100 2489 ad
2158 2415 2449 2510 praefati

339 2543 584 2633 templi
645 2543 1090 2634 splendorem
1146 2540 1329 2611 idem
1385 2537 1964 2631 Arcbiepiscopus
2018 2539 2317 2622 curabit,
2374 2549 2454 2609 ut

337 2663 514 2735 alter
549 2684 590 2735 e
629 2659 1092 2753 Suffraganeis
1129 2683 1326 2734 suam
1363 2662 1529 2733 inibi
1586 2663 1823 2735 sedem
1862 2660 2138 2733 habeat.
2179 2657 2453 2731 Mansio

347 2794 589 2855 autem
621 2829 643 2867 ,
702 2804 908 2875 quam
961 2804 1050 2854 ex
1107 2782 1296 2855 dicta
1354 2784 1817 2855 translatione
1872 2778 2453 2874 Archiepiscopus

343 2916 416 2976 et
467 2896 869 2998 Capitulum
923 2898 1276 2997 Petropoli
1332 2902 1640 2991 habebit,
1700 2896 1788 2976 cx
1842 2901 2283 2996 Apostolicae
2349 2902 2457 2971 di-

343 3024 803 3118 spensationis
857 3020 1156 3097 Nostrae
1211 3025 1284 3097 vi
1339 3039 1448 3097 est
1500 3036 1572 3097 et
1640 3025 1773 3096 erit
1844 3022 2123 3095 omnino
2198 3021 2461 3093 intelli-

347 3151 574 3241 genda
606 3197 626 3235 ,
687 3151 1030 3244 nihilque,
1090 3162 1161 3222 et
1218 3151 1617 3223 nullatenus
1674 3172 1757 3221 ex
1813 3148 1941 3220 hac
2004 3149 2456 3220 translatione

346 3269 666 3342 innovari
722 3293 844 3343 seu
899 3272 1260 3344 immutari
1299 3270 1480 3363 quod
1519 3271 1604 3341 ad
1645 3292 1759 3355 ea,
1791 3291 1962 3363 quae
1996 3265 2247 3341 Sancta
2284 3269 2457 3338 haec

345 3386 562 3463 Sedes
615 3385 1014 3485 Apostolica
1069 3393 1153 3463 de
1207 3387 1568 3464 Catholico
1606 3384 1921 3463 Romano
1960 3387 2289 3479 Conlegio
2326 3382 2461 3459 Pe-

345 3513 644 3604 tropolis
699 3516 1066 3588 constituit
1121 3536 1204 3587 ac
1259 3514 1600 3596 decrevit,
1638 3513 1833 3585 hisce
1871 3507 2157 3583 Litteris
2187 3504 2461 3581 Nostris

345 3632 782 3707 declaramus
837 3648 910 3707 et
963 3636 1307 3709 volumus.
1343 3630 1547 3725 Quod
1603 3656 1775 3706 vero
1830 3634 1916 3705 ad
1971 3633 2462 3704 dioecesanum

345 3750 817 3828 Seminarium
892 3749 1422 3839 Mobiloviense,
1489 3776 1581 3827 ex
1643 3753 2159 3845 dispensatione
2214 3762 2295 3827 ut
2352 3773 2465 3822 su..

343 3902 474 3975 pra
515 3872 870 3967 Petropoli
931 3876 1464 3963 instituendum,
1501 3877 1916 3949 mandamus
1974 3886 2049 3943 ut
2107 3873 2339 3946 omnia
2392 3885 2467 3946 et

235 4088 250 4103 ,
345 4001 649 4091 singula,
680 4019 856 4090 quae
911 4018 953 4067 a
991 3993 1450 4071 Sacrosancta
1487 3994 1769 4091 Synodo
1807 3992 2219 4067 Tridentina
2267 4016 2467 4087 prae·

348 4123 736 4215 cipiuntur,
775 4128 1100 4191 accurate
1155 4118 1659 4211 diligenterque.
1714 4127 2107 4189 serventur.
2152 4110 2309 4189 Non
2346 4117 2469 4189 ob-

353 4243 705 4317 stantibus
762 4244 1082 4339 quamvis
1140 4246 1427 4339 speciali
1481 4255 1552 4316 et
1588 4242 1947 4318 individua
1993 4240 2348 4315 mentione
2386 4258 2469 4311 ac
