3292 5275
2347 430 2445 523 15

324 583 477 675 plar
533 594 652 657 tua
705 601 921 655 mann
977 583 1365 671 signatum,
1413 576 1784 654 memorati
1832 570 2017 653 Ven.
2052 574 2177 652 Fr.
2220 575 2450 654 Patri-

322 704 571 775 arcbae
625 700 1140 795 subscriptione
1211 700 1614 774 roboratum
1646 747 1669 784 ‚
1738 701 2131 794 vestrisque
2198 703 2447 793 sigillis

319 823 692 909 munitum,
751 821 842 894 ad
873 816 1036 894 Nos
1090 832 1357 917 quanto
1417 821 1628 895 citius
1695 820 1881 891 mitti
1948 818 2269 894 iubemus
2324 842 2450 914 per

322 938 501 1016 Ven.
557 939 677 1013 Fr.
740 938 1102 1015 Nicolaum
1160 938 1789 1035 Archiepiscopum
1845 935 2453 1036 Martianopolita-

323 1082 524 1150 num,
557 1057 884 1135 Nostrum
923 1074 1135 1157 atque
1163 1057 1390 1133 'huius
1432 1055 2128 1152 ApostolicaeSedis
2182 1058 2255 1131 in
2303 1056 2453 1134 Me-

325 1182 748 1275 sopotamia,
786 1182 857 1252 in
897 1178 1232 1253 Armenia
1273 1174 1573 1266 Minore,
1607 1180 1690 1252 ‘in
1730 1174 2192 1257 Curdistania
2239 1190 2453 1275 atque

325 1302 400 1376 in
453 1300 742 1376 Perside
796 1297 1232 1395 Delegatum.

540 1419 891 1498 Futurum
947 1434 1180 1495 autem
1223 1424 1298 1495 in
1338 1417 1641 1496 Domino
1698 1400 2158 1510 confidimus(
2191 1434 2273 1497 ut
2324 1423 2455 1496 im-

329 1544 634 1639 positum
693 1538 854 1615 Tibi
911 1565 1092 1617 onus
1146 1566 1308 1617 cum
1373 1545 1601 1635 gratia
1654 1539 1950 1617 Nostrae
2004 1539 2457 1618 Benedictio-

329 1662 440 1736 nis
495 1665 828 1737 alacriter
883 1665 1312 1758 suscipiens,
1371 1686 1457 1737 ea
1511 1685 1701 1759 quae
1757 1676 1927 1737 sunt
1979 1658 2137 1737 lesu
2190 1661 2457 1738 Christi

333 1784 578 1858 sedulo
633 1794 704 1856 et
761 1784 966 1859 unice
1020 1805 1348 1880 quaeras3
1404 1796 1617 1879 atque
1676 1786 1749 1856 in
1807 1795 1927 1857 tua
1965 1779 2288 1859 Dioecesi
2344 1786 2459 1860 iu·

329 1916 450 1977 xta
487 1926 726 1978 sacros
770 1902 1095 1979 Canones
1154 1906 1630 1999 personaliter
1668 1917 1741 1978 et
1779 1906 2054 1978 assidue
2110 1906 2454 1990 residens,

332 2018 738 2099 Catholioos
795 2028 870 2097 in
926 2025 1090 2099 fidei
1148 2025 1574 2119 professione
1631 2024 2042 2111 confirmare
2068 2075 2089 2112 ,
2145 2039 2458 2101 errantes

333 2144 424 2219 ad
487 2141 792 2219 Sanctae
845 2140 1094 2219 Matris
1151 2142 1518 2221 Ecclesiae
1573 2148 1808 2219 sinum
1863 2168 2231 2234 revocare,
2271 2158 2461 2221 oete·

334 2288 590 2362 rasque
645 2267 1032 2359 gravissimi
1089 2263 1227 2342 Tui
1273 2267 1661 2342 'ministerii
1722 2278 1958 2361 partes
2014 2267 2461 2342 accuratissi-

331 2408 448 2461 me
503 2386 790 2481 implere
849 2388 1158 2461 studeas.

549 2502 870 2604 Denique
926 2510 1395 2604 praecipimus
1441 2496 1604 2581 Tibi
1666 2531 1749 2582 ac
1805 2508 2121 2583 districte
2174 2511 2464 2585 manda-

335 2649 518 2714 mus,
575 2641 658 2704 ut
693 2624 870 2703 Ven.
913 2626 1033 2702 Fr.
1093 2626 1398 2725 Iosepho
1434 2626 1902 2705 Patriarchae
1956 2632 2253 2727 eiusque
2310 2654 2465 2706 suc-

336 2749 732 2824 cessoribus
789 2752 880 2824 ab
933 2752 1063 2825 hac
1117 2748 1523 2845 Apostolica
1580 2749 1761 2826 Sede
1837 2753 2267 2828 confirmatis
2335 2777 2464 2828 ca·-

339 2872 662 2944 nonicam
717 2871 1189 2946 obedientiam
1245 2882 1318 2945 et
1376 2875 1847 2945 reverentiam
1910 2874 2187 2948 assidue
2250 2875 2464 2948 exhi-

336 2991 552 3064 beas:
609 2992 792 3065 clero
847 3005 1094 3067 autem
1149 3005 1222 3067 et
1287 2995 1551 3088 populo
1629 2993 1835 3068 istius
1864 2989 1867 2992 ’
1900 3005 2063 3067 tuae
2113 2995 2471 3069 dioecesis·

340 3105 808 3188 Mardiueusis
865 3111 1387 3189 Chaldaeorum
1417 3135 1744 3206 expresse
1771 3115 2211 3203 nnndamuffi
2240 3128 2323 3192 ut
2360 3112 2463 3190 Tc

341 3234 446 3306 uti
503 3234 892 3324 legitimum
947 3255 1148 3310 suum
1188 3247 1542 3330 pastorem
1581 3235 1841 3309 devote
1896 3225 2302 3329 suscipiant,
2326 3237 2467 3309 de·-

339 3353 630 3449 bitaquc
685 3355 1217 3430 honorificentia
1299 3367 1374 3430 et
1455 3356 1861 3430 obedientia
1918 3369 2459 3451 prosequantur.

553 3469 746 3548 Haec
802 3479 1132 3551 volumus
1165 3525 1188 3562 ‚
1257 3474 1697 3550 decernimus
1728 3525 1749 3561 ‚
1809 3489 2020 3571 atque
2084 3477 2409 3551 iubemus
2438 3525 2465 3564 ,

339 3596 716 3668 contrariis
751 3597 1334 3691 quibuscumque
1366 3648 1389 3685 ,
1442 3598 1669 3670 etiam
1724 3597 2013 3692 speciali
2067 3607 2143 3671 et
2192 3597 2467 3671 indivi-

343 3715 478 3788 dm
529 3716 876 3794 mentione
931 3717 1194 3810 dignis,
1251 3720 1542 3792 minime
1598 3718 2068 3792 obstantibus,

557 3832 820 3912 Dat-um
871 3835 1138 3914 Romae
1197 3841 1385 3934 apud
1426 3836 1773 3913 Sanctum
1809 3833 2104 3912 Petrum
2158 3841 2291 3916 mh
2344 3861 2467 3913 ann-

347 3957 514 4030 nulo
567 3953 938 4033 Piscator-is
986 3961 1104 4036 die
1161 3957 1357 4034 xxn
1401 3961 1653 4034 'martii
1708 3950 1941 4045 1869,
1993 3955 2467 4038 Pontificatum

346 4071 582 4154 Nostri
635 4099 824 4157 anno
879 4080 1224 4177 vigesimo
1277 4083 1514 4158 tertio.

1178 4317 1266 4406 N.
1324 4319 1531 4406 Canu.
1590 4319 1977 4410 Ptaaccuru
2030 4323 2357 4410 Cultam
