3292 5275
805 414 968 497 378

805 569 940 629 tem
996 553 1389 646 intelligitis
1444 576 1654 648 quam
1711 553 1908 627 facile
1965 556 2084 637 sit,
2143 564 2247 635 ut,
2304 565 2622 645 egestate
2675 553 2936 647 impel-

799 678 1013 760 lente,
1070 696 1350 749 omnem
1406 676 1800 767 praesentis
1859 669 1990 747 Dei
2050 673 2548 747 beneficentiae
2624 676 2932 747 fructum

799 795 1144 869 amittant.
1204 792 1419 869 Bonis
1458 794 1671 886 igitur
1727 790 2094 869 Ecclesiae
2132 792 2226 867 ita
2264 795 2570 879 utimini,
2610 808 2686 867 ut
2724 816 2936 887 prae-

800 929 1077 1009 ceptum
1119 911 1400 987 Domini
1440 915 1511 987 in
1542 916 1934 1007 exemplum
1976 916 2354 1009 impleatis,
2385 910 2578 1015 quod
2607 926 2932 1012 superest

802 1032 962 1109 date
998 1034 1538 1135 eleemosynam,
1567 1056 1791 1129 eaque
1831 1034 2134 1109 fideliter
2173 1037 2575 1131 praestetis,
2615 1057 2796 1129 quae
2833 1036 2930 1107 de

802 1157 1145 1231 bonorum
1184 1155 1459 1230 illorum
1501 1178 1631 1229 usu
1693 1152 2073 1251 Episcopis
2122 1157 2535 1249 praescribit
2571 1153 2926 1229 Ecclesia:

803 1279 1068 1350 aditum
1124 1278 1431 1352 babeant
1495 1276 1576 1349 ad
1637 1270 1782 1348 Vos
1847 1276 2121 1351 facilem
2179 1280 2537 1369 egentium
2590 1278 2922 1368 gemituS,

804 1400 1107 1473 divitum
1194 1422 1423 1493 opem,
1478 1402 1974 1492 eleemosynae
2053 1409 2422 1493 praecepto
2497 1420 2708 1491 quam
2773 1420 2932 1471 sae-

802 1520 1088 1612 pissime
1143 1518 1527 1614 proposito,
1571 1542 1698 1613 pro
1737 1521 1840 1593 eis
1884 1520 2304 1615 implorate3
2355 1540 2622 1615 eosque
2659 1518 2750 1589 ab
2787 1540 2932 1591 om-

802 1638 868 1712 ni
935 1643 1381 1735 oppressione
1437 1654 1644 1737 atque
1701 1643 1946 1717 iniuria
2007 1665 2130 1738 pro
2184 1641 2379 1717 virili
2439 1653 2636 1735 parte
2687 1641 2934 1715 deten-

801 1763 968 1836 dite.
1025 1758 1289 1838 Contra
1370 1764 1888 1839 foeneratorum
1972 1764 2450 1857 iniquitatem,
2509 1764 2632 1855 qui
2687 1773 2772 1833 ut
2825 1764 2936 1835 ait

803 1879 1203 1958 Cathechis.
1262 1879 1463 1960 Rom.
1504 1887 1831 1959 miseram
1889 1886 2152 1982 plebem
2209 1886 2588 1979 compilant
2643 1894 2716 1957 et
2781 1894 2938 1957 tru-

802 2006 1036 2080 cidant
1088 2004 1337 2093 usuris,
1377 2008 1564 2079 inter
1598 2018 1837 2080 cetera
1893 2008 2350 2080 vehementer
2386 2005 2765 2080 invehatur
2805 2027 2934 2077 ze-

802 2130 915 2220 lus
968 2139 1231 2211 vester,
1286 2129 1476 2221 quod
1532 2130 1788 2201 malum
1841 2128 2016 2201 adeo
2073 2128 2346 2201 miseris
2401 2128 2594 2201 hisce
2655 2140 2932 2222 tempo-

805 2248 999 2322 ribus
1048 2248 1456 2321 invaluit....
1489 2241 1602 2350 (l)

1015 2366 1205 2472 Inter
1259 2391 1604 2463 pauperes
1689 2381 1927 2445 autem
1981 2393 2101 2445 eos
2169 2368 2582 2463 praesertim
2637 2368 2934 2445 caritati

805 2504 1077 2567 vestrae
1133 2490 1726 2579 commendamus„
1782 2514 2085 2589 quorum
2137 2493 2436 2585 egestati
2473 2492 2590 2565 vel
2627 2492 2934 2577 orbitas,

809 2616 925 2689 vel
990 2610 1354 2705 aegritudo
1434 2614 1656 2689 veluti
1744 2614 2070 2692 cumulus
2153 2616 2452 2697 accedit,
2517 2624 2598 2687 ut
2679 2612 2940 2688 domus

808 2735 1176 2828 utriusque
1214 2755 1427 2808 sexus
1482 2732 2036 2825 adolescentibus
2075 2736 2344 2810 alendis
2381 2733 2936 2829 educandisque,

814 2854 1151 2929 invalidis
1206 2853 1572 2948 aegrisque
1630 2855 2051 2950 recipiendis
2093 2867 2238 2931 tum
2285 2856 2474 2951 quod
2527 2857 2614 2930 ad
2671 2877 2938 2949 corpus

811 2996 1090 3070 remque
1146 2975 1561 3050 familiarem
1616 2977 1953 3069 pertinet,
2003 2987 2158 3051 tum
2211 2979 2394 3072 quod
2451 2977 2540 3050 ad
2593 2976 2946 3077 animum,

810 3117 1026 3193 quam
1081 3095 1599 3190 diligentissime
1655 3111 2094 3173 accurentur.

1022 3214 1123 3292 Ne
1178 3218 1436 3292 multa:
1495 3229 1812 3312 pastores
1871 3215 2011 3294 Vos
2067 3221 2240 3294 estis
2295 3239 2376 3292 ac
2431 3221 2748 3314 magistri
2811 3241 2944 3314 po-

812 3287 1155 3438 pulorum.
1216 3332 1545 3411 Vestrum
1610 3340 1877 3414 idcirco
1933 3351 2069 3425 est,
2125 3335 2574 3414 venerabiles
2629 3336 2942 3430 Fratres,

818 3483 953 3536 non
1010 3459 1219 3533 modo
1301 3459 1623 3550 vigilare,
1683 3483 1772 3534 ne
1825 3483 2004 3556 quos
2084 3461 2338 3535 crediti
2391 3457 2608 3536 Vobis
2687 3483 2942 3557 greges

815 3571 1299 3682 spiritualium
1352 3578 1736 3656 bestiarum
1803 3581 2177 3684 patiantur
2229 3579 2577 3671 incursus,
2633 3585 2757 3656 sed
2815 3606 2942 3658 eos

818 3705 1145 3794 caelestis
1198 3701 1561 3777 doctrinae
1617 3704 1871 3796 pabulo
1927 3705 2202 3778 nutrire
2281 3704 2568 3778 monitis
2649 3707 2938 3797 quidem

819 3821 1231 3918 legibusque
1289 3825 1742 3914 salutaribus,
1781 3836 1855 3898 at
1908 3824 2228 3919 exemplo
2275 3826 2758 3920 potissimum3
2797 3849 2940 3922 quo

821 3954 1137 4040 spectant
1190 3967 1367 4040 quae
1406 3957 1479 4020 et
1515 3940 1730 4020 Vobis
1784 3944 1971 4022 dicta
2027 3959 2188 4024 sunt
2241 3968 2282 4020 a
2341 3943 2688 4023 Domino:
2735 3973 2774 4020 tt
2811 3973 2942 4026 vos

974 4217 1055 4304 (1)
1097 4217 1272 4291 Idem
1311 4221 1597 4305 graviter
1636 4231 1868 4308 agatur
1907 4223 2326 4291 contra'l'urti
2365 4225 2580 4292 scelus
2619 4225 2798 4310 quod
2841 4233 2941 4293 tot

816 4317 1019 4386 modis
1061 4325 1283 4404 totque
1325 4318 1569 4383 damnis
1610 4321 1980 4384 societatem
2023 4321 2384 4386 conturbat.
