3292 5275
2237 473 2390 562 145
2541 466 2548 475 ’

272 608 727 687 Victoriensis
776 616 1071 705 eiusque
1106 614 1183 685 in
1230 614 1658 707 temporibus
1687 610 2047 689 Antistitis
2075 613 2392 689 residen-

266 732 439 808 tium
470 731 825 825 erigimus.
870 728 1255 827 Propterea
1293 728 1694 826 Templum,
1731 733 1921 827 quod
1957 732 2394 829 infrascripto

268 849 677 945 Apostolico
712 848 1083 945 Delegatm
1108 854 1177 927 in
1214 854 1287 925 id
1324 855 1587 947 negotii
1624 851 2020 947 specialiter
2053 852 2394 947 deputan-

263 972 383 1057 do,
420 971 653 1045 visum
690 973 932 1057 fuerit,
973 970 1113 1045 illic
1166 976 1386 1063 magis
1435 972 1758 1046 idoneum
1813 982 2032 1065 atque
2067 982 2392 1049 ornamur

262 1091 887 1187 ecclesiasticaque
944 1091 1353 1186 supellectili
1424 1093 1820 1187 praeditum
1885 1092 1976 1165 ad
2027 1088 2394 1167 Ecclesiae

262 1198 705 1287 cathedralis
739 1214 1067 1289 honorem
1106 1213 1255 1307 pari
1294 1210 1702 1306 Apostolica
1743 1208 2190 1287 Auctoritate
2236 1233 2396 1307 per-

264 1346 481 1427 petuo
536 1354 812 1427 quoque
868 1334 1285 1417 attollimus,
1318 1333 1419 1405 ita
1456 1344 1537 1407 ut
1588 1333 1836 1406 eadem
1873 1327 2198 1405 Ecclesia
2249 1330 2393 1425 pri·

262 1468 469 1529 scum
523 1452 803 1529 titulum
858 1475 987 1529 seu
1040 1454 1563 1527 invocationem
1618 1474 1704 1527 ac
1759 1449 2392 1545 parochialitatem,

262 1576 331 1647 si
384 1590 525 1668 qua
579 1572 803 1647 [oman
856 1572 1203 1661 extiterit,
1257 1584 1628 1647 servatura
1683 1571 1802 1659 sit,
1847 1572 2026 1645 adeo
2081 1581 2163 1645 ut
2217 1594 2392 1647 cura

262 1695 655 1767 animarum
710 1712 925 1787 penes
974 1690 1397 1787 Capitulum,
1452 1694 1553 1765 uti
1610 1690 1790 1765 infra
1847 1692 2392 1781 instituendum,

260 1825 344 1887 et
364 1814 647 1907 quando
674 1813 1077 1889 institutum
1116 1813 1351 1898 fuerit,
1390 1813 1766 1887 habitualis
1815 1812 2143 1897 resideat,
2199 1824 2396 1886 actu·

262 1936 399 2007 alis
436 1952 565 2027 per
601 1934 819 2027 ipsius
856 1932 1168 2029 Capituli
1200 1929 1585 2018 Vicat-ium,
1622 1945 1750 2007 aut
1795 1932 1972 2006 alias
2019 1952 2145 2025 per
2181 1927 2425 2007 Pres-·

260 2055 587 2147 hyterum
626 2054 987 2139 idoneum,
1027 2055 1115 2127 ab
1153 2049 1534 2127 Ordinatio
1590 2051 2146 2147 approbandum,
2183 2074 2396 2127 exer·-

261 2184 545 2262 ceatur;
591 2196 671 2247 ac
726 2174 798 2247 in
850 2194 939 2249 eo
975 2174 1459 2249 constituatur
1516 2170 1740 2247 Sedes
1777 2169 2128 2247 Cuthedra
2163 2183 2236 2247 et
2273 2170 2399 2247 Di·-

261 2296 495 2389 gnitas
532 2290 973 2388 Episcopalis
1028 2314 1155 2389 pro
1210 2316 1355 2371 uno
1392 2293 1545 2369 eius
1586 2294 1818 2367 futuro
1857 2291 2222 2376 Amisum,
2262 2289 2396 2370 Or-

260 2414 541 2487 dinatio
570 2410 994 2487 Victoriensi
1030 2436 1159 2489 seu
1188 2410 1710 2508 Tamaulipano
1749 2414 2246 2507 nuncupando,
2261 2415 2392 2509 qui

259 2535 497 2607 eidem
532 2530 887 2607 Ecclesiae
920 2532 1217 2609 Civitati
1252 2546 1329 2608 et
1368 2531 1692 2609 Dioecesi
1732 2534 2026 2631 eiusque
2045 2532 2264 2609 Clero
2314 2547 2394 2609 et

256 2651 531 2748 Populo
570 2657 901 2730 universo
932 2656 1225 2749 praesit,
1254 2656 1880 2751 ecclesiasticoque
1907 2677 2076 2730 suae
2115 2657 2396 2730 ordina·

258 2778 411 2848 riae
468 2774 961 2850 iurisdictionis
998 2777 1341 2870 gubernio
1378 2777 1753 2850 salubriter
1783 2779 2282 2870 fructuoseque
2313 2775 2394 2850 iu

255 2891 561 2971 Domino
616 2896 1025 2992 prospiciat3
1078 2893 1515 2989 Religionem
1551 2893 1994 2970 Catholicam
2031 2895 2399 2990 Apostoli-

256 3038 417 3090 cam
474 3013 857 3090 Romanam
911 3039 1049 3090 una
1100 3039 1261 3092 cum
1318 3019 1465 3092 suis
1506 3018 1782 3092 iuribus
1837 3028 1910 3092 et
1965 3016 2395 3110 praerogati-

258 3139 402 3222 vis,
460 3136 719 3232 quibus
759 3157 851 3210 ex
890 3133 1019 3210 Dei
1059 3134 1515 3214 ordinatione
1570 3151 1782 3233 atque
1836 3134 2206 3210 Sacrorum
2258 3133 2394 3212 Ca-

258 3279 525 3332 nonum
575 3251 1211 3334 Constitutionibus
1268 3260 1409 3332 frui
1461 3259 1704 3344 debet,
1757 3260 2040 3332 omnino
2097 3270 2392 3332 sarctam

260 3389 663 3472 tectamque
702 3399 1019 3466 serv-are,
1050 3379 1273 3471 magis
1310 3381 1670 3474 magisque
1708 3399 2122 3473 promovere
2159 3389 2390 3466 curet,

254 3500 513 3595 quique
570 3500 749 3572 liber
830 3500 951 3588 sit,
1003 3499 1171 3594 quin
1228 3500 1317 3572 ab
1370 3501 1515 3572 ullo
1569 3511 1866 3594 nequeat
1929 3519 2234 3593 unquam
2303 3519 2392 3572 ex

256 3621 513 3716 quovis
554 3621 759 3694 titulo
798 3622 1205 3696 nullatenus
1242 3619 1533 3694 distrahi
1561 3623 1682 3694 >vel
1715 3618 2101 3715 praepediri
2139 3621 2394 3720 possit,

262 3767 341 3818 ac
366 3763 499 3838 pro
528 3736 1181 3816 Ecclesiasticarum
1220 3763 1455 3816 rerum
1493 3741 1864 3826 exercitio,
1905 3763 1983 3813 ac
2019 3740 2225 3814 etiam
2264 3762 2392 3836 pro

258 3888 431 3942 suae
461 3857 821 3936 Dioecesis
861 3860 1184 3956 regimine
1224 3865 1457 3955 plene,
1494 3861 1706 3934 libere
1761 3873 1973 3957 atque
2019 3860 2392 3936 efficaciter

256 4013 333 4064 ea
362 3983 722 4082 quaelibet
750 3984 1337 4070 animadvertere,
1362 3983 1708 4070 ordinare,
1737 3984 2112 4058 decernere
2136 3994 2207 4057 et
2233 4005 2395 4056 sen.

257 4109 591 4189 tentiare,
631 4125 807 4198 quae
836 4106 1203 4198 pastoralis
1242 4105 1640 4190 ministerii,
1683 4104 1926 4198 suique
1981 4105 2110 4176 fori
2148 4101 2392 4177 Eccle-

256 4228 519 4306 siastici
562 4229 771 4310 ratio,
827 4247 1203 4322 rerumque
1251 4225 1493 4300 itidem
1530 4222 2176 4300 Ecclesiasticarum
2233 4227 2390 4300 sive

257 4349 665 4438 necessitas,
696 4349 847 4426 sive
886 4348 1399 4446 opportunitas,
1434 4346 1585 4424 sive
1626 4357 1816 4422 recta
1854 4347 2243 4440 disciplina,
2275 4365 2392 4428 re·

1867 4471 1962 4558 10
