3292 5275
880 648 971 700 na
1024 638 1097 699 et
1152 622 1477 717 regimine
1515 623 1804 723 propius
1849 621 2119 701 suffulti
2161 621 2530 716 proficiant
2584 614 2866 719 ‚semper
2911 628 2984 699 in

878 746 1014 819 fide
1080 766 1239 818 cum
1295 745 1518 819 divini
1584 746 1818 817 cultus
1877 742 2370 837 propagatione
2423 758 2498 818 et
2559 768 2702 819 non
2765 746 2990 819 desint

878 868 949 939 in
1006 866 1485 960 spiritualibus
1542 869 1993 942 incrementa.
2277 928 2280 935 .

1086 982 1233 1060 Hae
1288 988 1599 1080 profecto
1653 997 1890 1058 mente
1953 985 2379 1079 consilioque
2435 981 2576 1059 Nos
2629 984 2990 1079 Apostoli-

878 1108 976 1179 cis
1014 1102 1296 1179 Litteris
1334 1108 1409 1177 in
1446 1084 1669 1178 forma
1697 1102 1951 1179 Brevis
1986 1104 2128 1177 diei
2167 1106 2732 1179 decimaetertiae
2787 1128 2990 1179 men·

876 1230 975 1300 sis
1056 1228 1336 1318 augusti
1418 1225 1584 1298 anni
1649 1221 1926 1297 Domini
2001 1226 2352 1297 millesimi
2431 1224 2982 1317 octingentesimi

874 1349 1287 1439 sexagesimi
1342 1346 1547 1439 primi
1606 1347 2027 1439 peramplam
2091 1341 2482 1418 Dioecesim
2537 1346 2624 1417 de
2690 1341 2982 1419 Linares

875 1470 953 1540 in
1006 1462 1363 1539 Mexieana
1418 1466 1680 1539 ditione
1737 1467 1994 1569 aptius:
2051 1465 2721 1572 circumscripsimus
2773 1478 2980 1560 atque

873 1608 957 1660 ex
994 1586 1307 1661 eiusdem
1342 1581 1960 1659 dismembratione
1991 1596 2209 1658 totam
2237 1575 2819 1677 Tamaulipanam
2847 1580 2991 1657 Re-

874 1706 1147 1801 gionem
1183 1702 1439 1779 Vicarii
1477 1701 1859 1797 Apostolici
1899 1704 2486 1799 administrationi
2525 1704 2979 1790 subiecimus,

875 1828 1099 1901 donee
1151 1830 1358 1899 aliter
1392 1813 1449 1899 'a
1503 1822 1718 1899 Nobis
1775 1838 1846 1897 et
1900 1828 2030 1898 hac
2086 1822 2346 1899 Sancta
2399 1824 2798 1919 Apostolica
2853 1823 2984 1899 Se-

872 1947 959 2022 de
1012 1949 1527 2021 decerneretur.
1588 1942 1794 2019 Modo
1833 1966 2004 2019 vero
2039 1946 2264 2019 eidem
2319 1948 2588 2041 regioni
2647 1959 2985 2041 opportu-

871 2069 1031 2143 nius
1067 2070 1511 2142 consulentes
1549 2066 1865 2161 illiusque
1921 2067 2166 2140 maiori
2199 2062 2778 2140 christifidelium
2835 2072 2984 2143 uti-

870 2188 1049 2261 litati
1091 2188 1163 2258 in
1202 2189 1443 2280 primis
1498 2198 1902 2279 satagentes
1939 2182 2332 2261 Dioecesim
2373 2186 2548 2257 inibi
2587 2186 2982 2289 instituere,

871 2318 1083 2402 atque
1138 2328 1228 2379 ex
1282 2302 1647 2380 Mexicana
1693 2318 1764 2379 et
1821 2308 1908 2379 de
1964 2302 2228 2381 Puebla
2282 2301 2743 2381 Dioecesibus
2797 2328 2983 2383 nova

870 2428 1265 2520 peragenda
1338 2418 1988 2519 circumscriptione
2065 2420 2574 2518 Episcopatum
2643 2424 2980 2501 Civitatis

869 2542 1217 2623 Victoriae
1248 2558 1400 2620 ‘seu
1464 2540 2032 2639 Tamtulipanum
2064 2544 2074 2552 ’
2107 2548 2650 2644 nuncupandum
2702 2548 2978 2637 erigere

868 2672 1268 2754 statuimus,
1316 2657 2114 2762 Apostolico'Vicariatu
2135 2663 2656 2761 Tamaulipano
2694 2655 2980 2742 omnino

866 2809 1264 2885 suppresso.
2117 2783 2130 2792 ’

1078 2907 1514 3004 Quapropter
1578 2906 1742 2994 Nos,
1799 2903 1918 3004 qui
1999 2913 2138 2982 iarn
2191 2905 2271 2981 in
2301 2934 2312 2963 ι
2340 2903 2758 3002 Apostolicis
2823 2907 2984 2984 Lit-

867 3031 1041 3103 teris
1090 3033 1469 3104 erectionis
1498 3024 1680 3103 ³tum
1733 3021 2313 3121 'metropolitanae
2369 3024 2768 3103 “micenae
2823 3045 2982 3106 tum

864 3146 1297 3244 Episcopalis
1352 3151 1439 3223 de
1492 3145 1758 3222 P'oebla
1788 3147 2279 3227 Ecclesia-um
2334 3143 2552 3222 Nobis
2605 3149 2978 3246 eidemque

862 3265 1024 3344 Sedi
1062 3273 1467 3344 facultatem
1523 3264 2072 3355 reservavimus
2109 3289 2368 3346 novam
2417 3272 2725 3363 ipsarum
2763 3267 2983 3346 Dioe-

862 3391 1125 3463 cesinm
1178 3387 1900 3483 circumscriptionem
1953 3384 2209 3465 Nostro
2265 3391 2716 3486 eiusdemque
2771 3387 2978 3468 Sedis

862 3511 1151 3586 arbitrio
1200 3505 1650 3606 quocumque
1705 3521 2054 3604 ternpore·
2102 3511 2441 3594 ineundi,
2495 3508 2705 3584 modo
2754 3513 2976 3584 etiam

864 3625 1381 3706 Venerabilium
1435 3625 1767 3704 Fratrum
1843 3631 2245 3705 earumdem
2301 3627 2772 3707 ecetesiam-n
2825 3630 2984 3704 An-

862 3749 1159 3827 tistitum
1212 3747 1654 3836 consensum,
1709 3747 1896 3824 ‘ultro
1953 3752 2040 3824 ad
2101 3745 2172 3823 ld
2253 3748 2706 3842 praestitum,
2741 3762 2976 3824 ratum

863 3885 1359 3966 acceptumque
1388 3871 1724 3944 habentes
1759 3883 1835 3944 et
1887 3868 2190 3944 aliorum
2225 3871 2296 3942 in
2325 3871 2726 3944 huiusmodi
2755 3867 2984 3964 nego-

857 3990 965 4065 cio
1021 3993 1363 4064 interesse
1444 3990 1856 4064 habentium
1930 4009 2056 4063 seu
2119 3987 2378 4062 habere
2447 3989 2978 4084 quomodolibet

860 4112 1455 4203 praesumentium
1510 4115 1888 4184 consensui
1951 4124 2192 4183 tenore
2265 4113 2742 4204 praesentium
2778 4109 2982 4203 Apo—

859 4229 1102 4310 stolica
1146 4229 1587 4304 Auctoritate
1634 4225 2136 4325 quamplenius'
2185 4229 2624 4325 supplentes,
2691 4227 2980 4303 onmes·-

860 4369 992 4458 que
1028 4361 1103 4427 et
1142 4349 1469 4446 singulos,
1500 4352 1762 4450 quibus
1795 4353 1932 4427 hae
1961 4347 2265 4430 Litterae
2289 4354 2572 4436 tavent,
2603 4371 2644 4426 a
2673 4349 2980 4446 quilius-
