3292 5275
2216 510 2366 593 211

256 656 549 751 spositio
601 654 955 739 veritatis,
1010 662 1083 725 et
1138 654 1380 727 beatus
1436 650 1695 727 Petrus
1751 654 1827 724 in
1881 662 2168 745 accepta
2229 654 2378 725 for-

252 777 557 851 titudine
636 788 877 869 petrae
932 794 1395 867 perseverans
1452 784 1776 867 suscepta
1833 766 2186 844 Ecclesiae
2251 794 2380 863 gu-

254 898 625 970 bernacula
680 918 813 969 non
871 896 1158 989 reliquit
1211 887 1344 993 (1).
1400 890 1552 969 Hac
1606 894 1695 968 de
1751 914 1964 967 causa
2001 892 2090 964 ad
2125 886 2380 964 Roma-

254 1038 423 1091 nam
474 1014 869 1091 Ecclesiam
922 1024 1209 1110 propter
1264 1016 1732 1109 potentiorem
1789 1012 2376 1108 principalitatem

256 1158 545 1213 necesse
626 1158 903 1230 semper
958 1137 1085 1209 fuit
1137 1157 1411 1210 omnem
1492 1137 1867 1211 convenire
1949 1131 2338 1208 Ecclesiam
2356 1182 2378 1221 ,

259 1260 387 1333 hoc
444 1268 601 1345 est,
658 1280 777 1331 eos
812 1306 833 1344 ,
888 1259 1011 1352 qui
1068 1268 1235 1331 sunt
1288 1258 1593 1352 undique
1659 1256 1901 1329 fideles
1935 1304 1957 1343 ,
2013 1268 2095 1329 ut
2164 1256 2238 1328 in
2291 1274 2376 1328 ea

258 1376 473 1467 Sede,
504 1400 547 1453 e
582 1400 723 1473 qua
776 1379 1214 1452 venerandae
1269 1376 1783 1453 communionis
1829 1376 1985 1451 iura
2021 1374 2095 1449 in
2131 1394 2376 1449 omnes

258 1502 648 1585 dimanant,
730 1510 1089 1593 tamquam
1168 1500 1479 1573 membra
1534 1500 1609 1571 in
1666 1498 1900 1591 capite
1953 1496 2378 1585 consociata,

256 1620 329 1694 in
381 1640 597 1693 unam
648 1620 959 1712 corporis
1013 1639 1419 1714 compagem
1474 1620 1959 1693 coalescerent
1996 1610 2127 1717 (2).

474 1736 551 1814 Si
584 1742 747 1835 qnis
782 1760 947 1834 ergo
980 1740 1271 1825 dixerit,
1310 1760 1452 1814 non
1504 1760 1664 1813 esse
1715 1760 1811 1811 ex
1847 1738 2062 1832 ipsius
2113 1732 2378 1812 Christi

259 1858 545 1936 Domini
598 1862 1046 1935 institutione
1102 1881 1229 1935 seu
1285 1862 1439 1935 iure
1499 1858 1764 1944 divino,
1819 1868 1900 1931 ut
1944 1858 2190 1931 beatus
2243 1853 2382 1931 Pe-

258 1995 417 2059 trus
471 1985 543 2055 in
597 1983 903 2076 primatu
956 2004 1171 2075 super
1226 1984 1641 2056 universam
1695 1976 2077 2053 Ecclesiam
2123 1980 2382 2052 habeat

260 2116 639 2200 perpetuos
718 2124 1219 2193 successores3
1298 2114 1419 2177 aut
1499 2097 1898 2177 Romanum
1961 2096 2383 2175 Pontificem

258 2247 398 2300 non
482 2244 637 2298 esse
716 2224 906 2297 beati
960 2218 1151 2297 Petri
1208 2225 1283 2298 in
1336 2224 1586 2299 eodem
1642 2224 1946 2317 primatu
2025 2242 2383 2297 successo-

260 2364 471 2434 rem3
525 2342 901 2419 anathema
956 2343 1073 2417 sit.

1086 2583 1391 2662 CAPUT
1446 2586 1567 2664 ΠΙ.

440 2853 523 2906 Μ
584 2855 647 2906 Vl
702 2855 783 2906 ΕΤ
844 2855 1117 2908 anton
1174 2855 1481 2908 ramnus
1536 2858 1770 2910 ΒΟΙΑΝΙ
1829 2859 2201 2913 Pourmcls.

473 3070 923 3168 Quapropter
974 3073 1239 3168 apertis
1292 3075 1523 3150 innixi
1580 3100 1940 3153 sacrarum
1992 3080 2386 3154 litterarum

252 3197 719 3280 testimoniis,
776 3206 851 3268 et
905 3197 1352 3271 inhaerentes
1392 3210 1541 3272 tum
1580 3193 2210 3275 Praedecessorum
2245 3195 2386 3275 No-

252 3333 599 3403 strorum,
656 3313 1136 3391 Romanorum
1190 3313 1640 3406 Pontificum,
1698 3331 1846 3393 tum
1907 3319 2386 3396 Conciliorum

252 3437 693 3533 generalium
745 3437 1051 3524 disertis,
1108 3437 1631 3534 perspicuisque
1687 3441 2018 3527 decretis,
2077 3444 2390 3515 innova·-

250 3582 415 3634 mus
472 3558 897 3633 oecumenici
934 3555 1225 3634 Concilii
1262 3555 1662 3635 Florentini
1719 3561 2217 3651 definitionem,
2255 3585 2390 3658 qua

254 3680 693 3756 credendum
729 3679 816 3752 ab
851 3679 1179 3754 omnibus
1216 3676 1481 3754 Christi
1520 3679 1845 3758 fidelibus
1901 3694 2036 3769 est,
2076 3695 2387 3758 sanctam

254 3799 741 3897 Apostolicam
794 3797 1069 3884 Salem,
1126 3810 1201 3875 et
1234 3798 1626 3877 Romanum
1681 3799 2090 3878 Pontificem
2129 3805 2198 3875 in
2235 3803 2390 3877 uni-

254 3944 545 3999 versum
584 3923 829 3996 orbem
868 3935 1106 3998 tenere
1147 3923 1547 4018 primatum,
1603 3936 1675 3999 et
1713 3927 1946 4019 ipsum
1972 3921 2388 4001 Pontificem

368 4305 377 4314 ι
425 4220 509 4305 (1)
552 4221 618 4288 S.
662 4219 797 4289 Leo
837 4219 931 4290 Μ.
980 4221 1187 4292 Serm.
1236 4221 1349 4292 111.
1394 4227 1505 4309 (al.
1554 4225 1662 4310 Π.)
1705 4247 1848 4312 cap.
1893 4223 1959 4294 3.

426 4315 511 4400 (2)
552 4315 621 4382 S.
666 4315 833 4383 lren.
878 4319 1047 4386 Λᾶν.
1080 4320 1259 4384 haer.
1306 4323 1353 4384 l.
1402 4319 1515 4387 111.
1548 4341 1605 4386 c.
1637 4321 1701 4390 3.
1748 4332 1814 4389 et
1857 4322 2053 4391 Conc.
2088 4322 2354 4408 Aquilei

260 4429 329 4477 a.
370 4409 515 4482 381.
560 4414 729 4478 inter
768 4431 913 4498 epp.
960 4411 1026 4482 S.
1062 4414 1359 4483 Ambros.
1402 4433 1507 4500 ep.
1537 4415 1655 4484 XI.

1823 4523 1964 4610 w
