<?xml version="1.0" encoding="UTF-8"?>
<!DOCTYPE html PUBLIC "-//W3C//DTD XHTML 1.0 Transitional//EN"
    "http://www.w3.org/TR/xhtml1/DTD/xhtml1-transitional.dtd">
<html xmlns="http://www.w3.org/1999/xhtml" xml:lang="en" lang="en">
 <head>
  <title>
</title>
<meta http-equiv="Content-Type" content="text/html;charset=utf-8" />
  <meta name='ocr-system' content='tesseract 3.04.00' />
  <meta name='ocr-capabilities' content='ocr_page ocr_carea ocr_par ocr_line ocrx_word'/>
</head>
<body>
  <div class='ocr_page' id='page_1' title='image "./piiixpontificis01ixgoog_0058.png"; bbox 0 0 3292 5275; ppageno 0'>
   <div class='ocr_carea' id='block_1_1' title="bbox 934 500 1038 582">
    <p class='ocr_par' dir='ltr' id='par_1_1' title="bbox 934 500 1038 582">
     <span class='ocr_line' id='line_1_1' title="bbox 934 500 1038 582; baseline 0 0"><span class='ocrx_word' id='word_1_1' title='bbox 934 500 1038 582; x_wconf 90' lang='grc'><strong>50</strong></span> 
     </span>
    </p>
   </div>
   <div class='ocr_carea' id='block_1_2' title="bbox 815 642 3047 2650">
    <p class='ocr_par' dir='ltr' id='par_1_2' title="bbox 815 642 3045 2425">
     <span class='ocr_line' id='line_1_2' title="bbox 937 642 3030 739; baseline 0.002 -28"><span class='ocrx_word' id='word_1_2' title='bbox 937 666 972 711; x_wconf 70' lang='lat' dir='ltr'><strong>n</strong></span> <span class='ocrx_word' id='word_1_3' title='bbox 1035 644 1129 715; x_wconf 76' lang='lat' dir='ltr'><strong>dc</strong></span> <span class='ocrx_word' id='word_1_4' title='bbox 1179 664 1306 716; x_wconf 83' lang='lat' dir='ltr'><strong>sua</strong></span> <span class='ocrx_word' id='word_1_5' title='bbox 1361 644 1643 738; x_wconf 78' lang='lat' dir='ltr'><strong>propria</strong></span> <span class='ocrx_word' id='word_1_6' title='bbox 1698 645 1920 717; x_wconf 77' lang='lat' dir='ltr'><strong>salute</strong></span> <span class='ocrx_word' id='word_1_7' title='bbox 1976 642 2201 717; x_wconf 87' lang='lat' dir='ltr'><strong>securi</strong></span> <span class='ocrx_word' id='word_1_8' title='bbox 2254 664 2407 718; x_wconf 86' lang='lat' dir='ltr'><strong>esse</strong></span> <span class='ocrx_word' id='word_1_9' title='bbox 2460 662 2599 719; x_wconf 83' lang='lat' dir='ltr'><strong>non</strong></span> <span class='ocrx_word' id='word_1_10' title='bbox 2636 654 2947 739; x_wconf 81' lang='lat' dir='ltr'><strong>possunt.</strong></span> <span class='ocrx_word' id='word_1_11' title='bbox 2992 668 3030 715; x_wconf 69' lang='grc' dir='ltr'><strong>ι</strong></span> 
     </span>
     <span class='ocr_line' id='line_1_3' title="bbox 927 756 3041 859; baseline 0.002 -26"><span class='ocrx_word' id='word_1_12' title='bbox 927 756 1005 833; x_wconf 89' lang='lat' dir='ltr'><strong>Si</strong></span> <span class='ocrx_word' id='word_1_13' title='bbox 1063 762 1222 855; x_wconf 87' lang='lat' dir='ltr'><strong>ipsi,</strong></span> <span class='ocrx_word' id='word_1_14' title='bbox 1277 762 1515 837; x_wconf 77' lang='lat' dir='ltr'><strong>divino</strong></span> <span class='ocrx_word' id='word_1_15' title='bbox 1577 764 1799 858; x_wconf 78' lang='lat' dir='ltr'><strong>gratia</strong></span> <span class='ocrx_word' id='word_1_16' title='bbox 1854 765 2139 839; x_wconf 78' lang='lat' dir='ltr'><strong>afflante</strong></span> <span class='ocrx_word' id='word_1_17' title='bbox 2163 811 2185 850; x_wconf 90' lang='lat'><strong>,</strong></span> <span class='ocrx_word' id='word_1_18' title='bbox 2244 764 2605 859; x_wconf 83' lang='lat' dir='ltr'><strong>proprium</strong></span> <span class='ocrx_word' id='word_1_19' title='bbox 2658 764 3041 837; x_wconf 84' lang='lat' dir='ltr'><strong>discrimen</strong></span> 
     </span>
     <span class='ocr_line' id='line_1_4' title="bbox 929 880 3045 980; baseline 0.003 -27"><span class='ocrx_word' id='word_1_20' title='bbox 929 882 1354 975; x_wconf 80' lang='lat' dir='ltr'><strong>percipiant,</strong></span> <span class='ocrx_word' id='word_1_21' title='bbox 1391 886 1450 957; x_wconf 89' lang='lat' dir='ltr'><strong>si</strong></span> <span class='ocrx_word' id='word_1_22' title='bbox 1489 895 1639 960; x_wconf 91' lang='lat' dir='ltr'><strong>toto</strong></span> <span class='ocrx_word' id='word_1_23' title='bbox 1670 884 1878 958; x_wconf 83' lang='lat' dir='ltr'><strong>corde</strong></span> <span class='ocrx_word' id='word_1_24' title='bbox 1933 880 2160 959; x_wconf 89' lang='lat' dir='ltr'><strong>Deum</strong></span> <span class='ocrx_word' id='word_1_25' title='bbox 2188 897 2564 980; x_wconf 79' lang='lat' dir='ltr'><strong>quaerant,</strong></span> <span class='ocrx_word' id='word_1_26' title='bbox 2620 886 2827 959; x_wconf 79' lang='lat' dir='ltr'><strong>focile</strong></span> <span class='ocrx_word' id='word_1_27' title='bbox 2867 886 3045 959; x_wconf 81' lang='lat' dir='ltr'><strong>abii·</strong></span> 
     </span>
     <span class='ocr_line' id='line_1_5' title="bbox 925 984 3039 1099; baseline 0.002 -24"><span class='ocrx_word' id='word_1_28' title='bbox 925 1000 1122 1077; x_wconf 78' lang='lat' dir='ltr'><strong>cieut&#39;</strong></span> <span class='ocrx_word' id='word_1_29' title='bbox 1172 984 1757 1099; x_wconf 77' lang='lat' dir='ltr'><strong>praeconceptam</strong></span> <span class='ocrx_word' id='word_1_30' title='bbox 1810 1004 2129 1099; x_wconf 80' lang='lat' dir='ltr'><strong>quamvis</strong></span> <span class='ocrx_word' id='word_1_31' title='bbox 2182 1005 2550 1078; x_wconf 80' lang='lat' dir='ltr'><strong>adversam</strong></span> <span class='ocrx_word' id='word_1_32' title='bbox 2602 1005 3039 1098; x_wconf 81' lang='lat' dir='ltr'><strong>opinionem,</strong></span> 
     </span>
     <span class='ocr_line' id='line_1_6' title="bbox 925 1120 3045 1219; baseline 0.002 -23"><span class='ocrx_word' id='word_1_33' title='bbox 925 1120 1004 1196; x_wconf 75' lang='lat' dir='ltr'><strong>et&#39;</strong></span> <span class='ocrx_word' id='word_1_34' title='bbox 1054 1127 1246 1197; x_wconf 90' lang='lat' dir='ltr'><strong>omni</strong></span> <span class='ocrx_word' id='word_1_35' title='bbox 1301 1124 1542 1199; x_wconf 79' lang='lat' dir='ltr'><strong>statim</strong></span> <span class='ocrx_word' id='word_1_36' title='bbox 1595 1124 2025 1219; x_wconf 78' lang='lat' dir='ltr'><strong>disceptandi</strong></span> <span class='ocrx_word' id='word_1_37' title='bbox 2079 1124 2407 1219; x_wconf 87' lang='lat' dir='ltr'><strong>cupidine</strong></span> <span class='ocrx_word' id='word_1_38' title='bbox 2460 1122 2802 1219; x_wconf 80' lang='lat' dir='ltr'><strong>deposita,</strong></span> <span class='ocrx_word' id='word_1_39' title='bbox 2852 1126 3045 1201; x_wconf 85' lang='lat' dir='ltr'><strong>redi-</strong></span> 
     </span>
     <span class='ocr_line' id='line_1_7' title="bbox 924 1241 3038 1341; baseline 0.001 -25"><span class='ocrx_word' id='word_1_40' title='bbox 924 1244 1101 1320; x_wconf 83' lang='lat' dir='ltr'><strong>bunt</strong></span> <span class='ocrx_word' id='word_1_41' title='bbox 1136 1246 1224 1318; x_wconf 80' lang='lat' dir='ltr'><strong>ad</strong></span> <span class='ocrx_word' id='word_1_42' title='bbox 1260 1241 1564 1330; x_wconf 77' lang='lat' dir='ltr'><strong>Patrem,</strong></span> <span class='ocrx_word' id='word_1_43' title='bbox 1597 1268 1638 1319; x_wconf 83' lang='lat' dir='ltr'>a</span> <span class='ocrx_word' id='word_1_44' title='bbox 1676 1266 1813 1341; x_wconf 89' lang='lat' dir='ltr'><strong>quo</strong></span> <span class='ocrx_word' id='word_1_45' title='bbox 1850 1244 2105 1319; x_wconf 74' lang='lat' dir='ltr'><strong>iamdiu</strong></span> <span class='ocrx_word' id='word_1_46' title='bbox 2138 1243 2503 1319; x_wconf 82' lang='lat' dir='ltr'><strong>infeliciter</strong></span> <span class='ocrx_word' id='word_1_47' title='bbox 2540 1243 3038 1319; x_wconf 86' lang='lat' dir='ltr'><strong>discesserunt.</strong></span> 
     </span>
     <span class='ocr_line' id='line_1_8' title="bbox 925 1348 3041 1460; baseline 0.001 -24"><span class='ocrx_word' id='word_1_48' title='bbox 925 1358 1068 1437; x_wconf 89' lang='lat' dir='ltr'><strong>Nos</strong></span> <span class='ocrx_word' id='word_1_49' title='bbox 1121 1376 1360 1441; x_wconf 80' lang='lat' dir='ltr'><strong>autem</strong></span> <span class='ocrx_word' id='word_1_50' title='bbox 1421 1367 1586 1438; x_wconf 79' lang='lat' dir='ltr'><strong>laeti</strong></span> <span class='ocrx_word' id='word_1_51' title='bbox 1638 1348 2086 1439; x_wconf 78' lang='lat' dir='ltr'><strong>occurremus</strong></span> <span class='ocrx_word' id='word_1_52' title='bbox 2139 1364 2307 1458; x_wconf 89' lang='lat' dir='ltr'><strong>ipsis</strong></span> <span class='ocrx_word' id='word_1_53' title='bbox 2336 1416 2361 1453; x_wconf 93' lang='lat'><strong>,</strong></span> <span class='ocrx_word' id='word_1_54' title='bbox 2432 1384 2691 1460; x_wconf 86' lang='lat' dir='ltr'><strong>eosque</strong></span> <span class='ocrx_word' id='word_1_55' title='bbox 2746 1376 3041 1459; x_wconf 82' lang='lat' dir='ltr'><strong>paterna</strong></span> 
     </span>
     <span class='ocr_line' id='line_1_9' title="bbox 815 1470 3041 1581; baseline 0 -22"><span class='ocrx_word' id='word_1_56' title='bbox 815 1486 822 1495; x_wconf 83' lang='grc'><strong><em>’</em></strong></span> <span class='ocrx_word' id='word_1_57' title='bbox 927 1487 1220 1559; x_wconf 80' lang='lat' dir='ltr'><strong>caritate</strong></span> <span class='ocrx_word' id='word_1_58' title='bbox 1273 1484 1656 1578; x_wconf 80' lang='lat' dir='ltr'><strong>complexi,</strong></span> <span class='ocrx_word' id='word_1_59' title='bbox 1681 1470 2163 1581; x_wconf 81' lang='lat' dir='ltr'><strong>gaudebimus,</strong></span> <span class='ocrx_word' id='word_1_60' title='bbox 2202 1476 2577 1559; x_wconf 77' lang='lat' dir='ltr'><strong>Ecclesiam</strong></span> <span class='ocrx_word' id='word_1_61' title='bbox 2633 1486 3041 1561; x_wconf 81' lang='lat' dir='ltr'><strong>universam</strong></span> 
     </span>
     <span class='ocr_line' id='line_1_10' title="bbox 931 1598 3043 1701; baseline 0.002 -22"><span class='ocrx_word' id='word_1_62' title='bbox 931 1605 1269 1698; x_wconf 77' lang='lat' dir='ltr'><strong>gratulari</strong></span> <span class='ocrx_word' id='word_1_63' title='bbox 1321 1601 1564 1692; x_wconf 88' lang='lat' dir='ltr'><strong>Nobis,</strong></span> <span class='ocrx_word' id='word_1_64' title='bbox 1593 1604 1778 1701; x_wconf 81' lang='lat' dir='ltr'><strong>quod</strong></span> <span class='ocrx_word' id='word_1_65' title='bbox 1806 1598 1925 1678; x_wconf 81' lang='lat' dir='ltr'><strong>filii</strong></span> <span class='ocrx_word' id='word_1_66' title='bbox 1952 1601 2185 1680; x_wconf 82' lang='lat' dir='ltr'><strong>Nostri</strong></span> <span class='ocrx_word' id='word_1_67' title='bbox 2222 1608 2341 1701; x_wconf 88' lang='lat' dir='ltr'><strong>qui</strong></span> <span class='ocrx_word' id='word_1_68' title='bbox 2378 1606 2635 1680; x_wconf 84' lang='lat' dir='ltr'><strong>mortui</strong></span> <span class='ocrx_word' id='word_1_69' title='bbox 2688 1620 2889 1681; x_wconf 81' lang='lat' dir='ltr'><strong>erant</strong></span> <span class='ocrx_word' id='word_1_70' title='bbox 2925 1629 3043 1683; x_wconf 86' lang='lat' dir='ltr'><strong>re-</strong></span> 
     </span>
     <span class='ocr_line' id='line_1_11' title="bbox 909 1712 3039 1822; baseline 0 -22"><span class='ocrx_word' id='word_1_71' title='bbox 909 1712 1230 1800; x_wconf 68' lang='lat' dir='ltr'><strong>·viiterint</strong></span> <span class='ocrx_word' id='word_1_72' title='bbox 1259 1774 1286 1815; x_wconf 88' lang='lat'><strong>,</strong></span> <span class='ocrx_word' id='word_1_73' title='bbox 1338 1738 1412 1801; x_wconf 86' lang='lat' dir='ltr'><strong>et</strong></span> <span class='ocrx_word' id='word_1_74' title='bbox 1463 1727 1585 1822; x_wconf 89' lang='lat' dir='ltr'><strong>qui</strong></span> <span class='ocrx_word' id='word_1_75' title='bbox 1640 1726 1999 1820; x_wconf 79' lang='lat' dir='ltr'><strong>perierant</strong></span> <span class='ocrx_word' id='word_1_76' title='bbox 2060 1726 2197 1800; x_wconf 89' lang='lat' dir='ltr'><strong>sint</strong></span> <span class='ocrx_word' id='word_1_77' title='bbox 2261 1724 2559 1801; x_wconf 86' lang='lat' dir='ltr'><strong>inventi.</strong></span> <span class='ocrx_word' id='word_1_78' title='bbox 2618 1724 2697 1800; x_wconf 84' lang='lat' dir='ltr'><strong>Id</strong></span> <span class='ocrx_word' id='word_1_79' title='bbox 2748 1738 2943 1801; x_wconf 85' lang='lat' dir='ltr'><strong>certe</strong></span> <span class='ocrx_word' id='word_1_80' title='bbox 2998 1750 3039 1801; x_wconf 77' lang='lat' dir='ltr'><strong>a</strong></span> 
     </span>
     <span class='ocr_line' id='line_1_12' title="bbox 929 1830 3041 1943; baseline 0 -22"><span class='ocrx_word' id='word_1_81' title='bbox 929 1842 1079 1921; x_wconf 89' lang='lat' dir='ltr'><strong>Deo</strong></span> <span class='ocrx_word' id='word_1_82' title='bbox 1115 1830 1458 1943; x_wconf 84' lang='lat' dir='ltr'><strong>poscimus</strong></span> <span class='ocrx_word' id='word_1_83' title='bbox 1495 1848 1743 1935; x_wconf 80' lang='lat' dir='ltr'><strong>enixe3</strong></span> <span class='ocrx_word' id='word_1_84' title='bbox 1796 1859 1867 1919; x_wconf 88' lang='lat' dir='ltr'><strong>et</strong></span> <span class='ocrx_word' id='word_1_85' title='bbox 1902 1842 2048 1935; x_wconf 85' lang='lat' dir='ltr'><strong>Tu,</strong></span> <span class='ocrx_word' id='word_1_86' title='bbox 2070 1842 2249 1921; x_wconf 84' lang='lat' dir='ltr'><strong>Ven.</strong></span> <span class='ocrx_word' id='word_1_87' title='bbox 2282 1843 2562 1939; x_wconf 83' lang='lat' dir='ltr'><strong>Frater,</strong></span> <span class='ocrx_word' id='word_1_88' title='bbox 2612 1869 2855 1942; x_wconf 83' lang='lat' dir='ltr'><strong>preces</strong></span> <span class='ocrx_word' id='word_1_89' title='bbox 2880 1859 3041 1923; x_wconf 78' lang='lat' dir='ltr'><strong>tuas</strong></span> 
     </span>
     <span class='ocr_line' id='line_1_13' title="bbox 909 1962 3039 2062; baseline 0.002 -23"><span class='ocrx_word' id='word_1_90' title='bbox 909 1968 1137 2062; x_wconf 77' lang='lat' dir='ltr'><strong>iunge</strong></span> <span class='ocrx_word' id='word_1_91' title='bbox 1190 1962 1485 2042; x_wconf 83' lang='lat' dir='ltr'><strong>Nostris.</strong></span> <span class='ocrx_word' id='word_1_92' title='bbox 1543 1963 1835 2039; x_wconf 84' lang='lat' dir='ltr'><strong>Interim</strong></span> <span class='ocrx_word' id='word_1_93' title='bbox 1872 1986 2045 2041; x_wconf 82' lang='lat' dir='ltr'><strong>vero</strong></span> <span class='ocrx_word' id='word_1_94' title='bbox 2084 1966 2306 2043; x_wconf 83' lang='lat' dir='ltr'><strong>divini</strong></span> <span class='ocrx_word' id='word_1_95' title='bbox 2363 1968 2627 2044; x_wconf 82' lang='lat' dir='ltr'><strong>favoris</strong></span> <span class='ocrx_word' id='word_1_96' title='bbox 2682 1968 3039 2062; x_wconf 81' lang='lat' dir='ltr'><strong>auspicem</strong></span> 
     </span>
     <span class='ocr_line' id='line_1_14' title="bbox 929 2083 3043 2186; baseline 0 -24"><span class='ocrx_word' id='word_1_97' title='bbox 929 2101 1005 2162; x_wconf 89' lang='lat' dir='ltr'><strong>et</strong></span> <span class='ocrx_word' id='word_1_98' title='bbox 1055 2092 1475 2184; x_wconf 80' lang='lat' dir='ltr'><strong>praecipuae</strong></span> <span class='ocrx_word' id='word_1_99' title='bbox 1528 2083 1824 2161; x_wconf 83' lang='lat' dir='ltr'><strong>Nostrae</strong></span> <span class='ocrx_word' id='word_1_100' title='bbox 1879 2087 2412 2163; x_wconf 75' lang='lat' dir='ltr'><strong>benevolentiae</strong></span> <span class='ocrx_word' id='word_1_101' title='bbox 2461 2090 2713 2185; x_wconf 80' lang='lat' dir='ltr'><strong>pignus</strong></span> <span class='ocrx_word' id='word_1_102' title='bbox 2741 2084 3043 2186; x_wconf 85' lang='lat' dir='ltr'><strong>Aposto-</strong></span> 
     </span>
     <span class='ocr_line' id='line_1_15' title="bbox 903 2204 3045 2305; baseline -0 -20"><span class='ocrx_word' id='word_1_103' title='bbox 903 2209 1135 2285; x_wconf 80' lang='lat' dir='ltr'><strong>·licam</strong></span> <span class='ocrx_word' id='word_1_104' title='bbox 1185 2206 1759 2283; x_wconf 86' lang='lat' dir='ltr'><strong>Benedictionem</strong></span> <span class='ocrx_word' id='word_1_105' title='bbox 1806 2204 1961 2282; x_wconf 87' lang='lat' dir='ltr'><strong>Tibi</strong></span> <span class='ocrx_word' id='word_1_106' title='bbox 2000 2210 2267 2304; x_wconf 86' lang='lat' dir='ltr'><strong>totique</strong></span> <span class='ocrx_word' id='word_1_107' title='bbox 2328 2206 2650 2285; x_wconf 85' lang='lat' dir='ltr'><strong>Dioecesi</strong></span> <span class='ocrx_word' id='word_1_108' title='bbox 2706 2225 2869 2287; x_wconf 77' lang='lat' dir='ltr'><strong>tuae</strong></span> <span class='ocrx_word' id='word_1_109' title='bbox 2925 2233 3045 2305; x_wconf 89' lang='lat' dir='ltr'><strong>pe-</strong></span> 
     </span>
     <span class='ocr_line' id='line_1_16' title="bbox 930 2330 1795 2425; baseline -0.002 -22"><span class='ocrx_word' id='word_1_110' title='bbox 930 2338 1285 2405; x_wconf 76' lang='lat' dir='ltr'><strong>ramanter</strong></span> <span class='ocrx_word' id='word_1_111' title='bbox 1337 2330 1795 2425; x_wconf 86' lang='lat' dir='ltr'><strong>impertimus.</strong></span> 
     </span>
    </p>

    <p class='ocr_par' dir='ltr' id='par_1_3' title="bbox 931 2444 3047 2650">
     <span class='ocr_line' id='line_1_17' title="bbox 1141 2444 3047 2548; baseline 0.001 -23"><span class='ocrx_word' id='word_1_112' title='bbox 1141 2444 1404 2527; x_wconf 76' lang='lat' dir='ltr'><strong>Datum</strong></span> <span class='ocrx_word' id='word_1_113' title='bbox 1456 2446 1721 2524; x_wconf 82' lang='lat' dir='ltr'><strong>Romae</strong></span> <span class='ocrx_word' id='word_1_114' title='bbox 1776 2452 1962 2545; x_wconf 79' lang='lat' dir='ltr'><strong>apud</strong></span> <span class='ocrx_word' id='word_1_115' title='bbox 2000 2448 2073 2527; x_wconf 89' lang='lat' dir='ltr'><strong>S.</strong></span> <span class='ocrx_word' id='word_1_116' title='bbox 2131 2448 2423 2527; x_wconf 88' lang='lat' dir='ltr'><strong>Petrum</strong></span> <span class='ocrx_word' id='word_1_117' title='bbox 2476 2453 2586 2527; x_wconf 85' lang='lat' dir='ltr'><strong>die</strong></span> <span class='ocrx_word' id='word_1_118' title='bbox 2634 2444 2686 2527; x_wconf 67' lang='grc'>4</span> <span class='ocrx_word' id='word_1_119' title='bbox 2728 2448 3047 2548; x_wconf 87' lang='lat' dir='ltr'><strong>Septem-</strong></span> 
     </span>
     <span class='ocr_line' id='line_1_18' title="bbox 931 2563 1366 2650; baseline -0.009 -1"><span class='ocrx_word' id='word_1_120' title='bbox 931 2572 1077 2650; x_wconf 79' lang='lat' dir='ltr'><strong>bris</strong></span> <span class='ocrx_word' id='word_1_121' title='bbox 1137 2563 1366 2648; x_wconf 75' lang='lat'><strong>1869.</strong></span> 
     </span>
    </p>
   </div>
   <div class='ocr_carea' id='block_1_3' title="bbox 1141 2687 2841 2794">
    <p class='ocr_par' dir='ltr' id='par_1_4' title="bbox 1141 2687 2841 2794">
     <span class='ocr_line' id='line_1_19' title="bbox 1141 2687 2841 2794; baseline 0.001 -25"><span class='ocrx_word' id='word_1_122' title='bbox 1141 2687 1600 2773; x_wconf 73' lang='lat' dir='ltr'><strong>Pontificatus</strong></span> <span class='ocrx_word' id='word_1_123' title='bbox 1654 2690 1893 2771; x_wconf 87' lang='lat' dir='ltr'><strong>Nostri</strong></span> <span class='ocrx_word' id='word_1_124' title='bbox 1952 2691 2161 2772; x_wconf 80' lang='lat' dir='ltr'><strong>Anno</strong></span> <span class='ocrx_word' id='word_1_125' title='bbox 2214 2691 2841 2794; x_wconf 75' lang='lat' dir='ltr'><strong>vicesimoquarto.</strong></span> 
     </span>
    </p>
   </div>
   <div class='ocr_carea' id='block_1_4' title="bbox 1696 3055 2277 3164">
    <p class='ocr_par' dir='ltr' id='par_1_5' title="bbox 1696 3055 2277 3164">
     <span class='ocr_line' id='line_1_20' title="bbox 1696 3055 2277 3164; baseline 0 -30"><span class='ocrx_word' id='word_1_126' title='bbox 1696 3055 1903 3164; x_wconf 76' lang='lat' dir='ltr'><strong>mvs</strong></span> <span class='ocrx_word' id='word_1_127' title='bbox 1956 3055 2099 3136; x_wconf 82' lang='lat' dir='ltr'><strong>PP.</strong></span> <span class='ocrx_word' id='word_1_128' title='bbox 2164 3057 2277 3136; x_wconf 74' lang='lat' dir='ltr'><strong>ux.</strong></span> 
     </span>
    </p>
   </div>
  </div>
 </body>
</html>
