3292 5275
888 470 1047 549 270

898 635 931 691 ›‚›
999 612 1225 695 solet,
1282 630 1543 683 novum
1598 608 1988 683 huiusmodi
2047 626 2286 681 rerum
2361 610 2680 683 ordinem
2733 610 2852 703 qui
2909 612 2996 679 ad

896 754 931 799 s
992 730 1501 803 consociandas
1538 728 2206 823 confundendosque
2259 740 2484 801 sectas
2539 730 2996 820 superstitio·-

896 874 931 917 ιι
992 870 1259 943 nosque
1314 870 1551 923 omnes
1606 870 1770 921 eum
1805 843 2122 921 Ecclesia
2157 845 2521 922 Catholica
2577 850 3002 923 manifestis-

896 992 929 1041 »
992 970 1165 1043 sime
1222 971 1471 1043 tendit.

1104 1114 1141 1160 ιο
1202 1086 1489 1163 Nabum
1566 1088 1745 1161 vites
1813 1110 1984 1163 suas
2035 1084 2146 1161 vel
2213 1087 2510 1188 proprio
2565 1110 2820 1163 cruore
2871 1086 3002 1163 de-

894 1234 931 1281 »
990 1206 1218 1308 fendit
1252 1201 1385 1307 (1).
1437 1205 1615 1282 Num
1670 1222 2077 1301 poteramus
2111 1204 2280 1294 Nos,
2317 1209 2660 1304 quidquid
2710 1212 2997 1285 tandem

895 1354 931 1421 ῃ
994 1334 1635 1406 eventurum'esset
1687 1325 1934 1414 Nobis,
1978 1350 2122 1401 non
2177 1332 2338 1403 iura
2391 1331 2998 1427 possessionesque

896 1474 930 1531 t·
995 1448 1295 1525 Sanctae
1378 1446 1738 1523 Romanae
1819 1446 2181 1525 Ecclesiae
2252 1451 2628 1523 defendere
2663 1500 2686 1536 ,
2741 1453 3000 1545 quibus
3053 1538 3062 1547 ,

898 1596 934 1639 s
996 1572 1395 1655 servandis,
1450 1584 1788 1665 quantum
1847 1573 1918 1643 in
1953 1566 2170 1644 Nobis
2225 1584 2362 1657 est,
2417 1571 2744 1645 solemnis
2797 1572 3000 1647 iuris-

896 1716 931 1761 »
994 1692 1272 1767 iurandi
1328 1688 1469 1765 Nos
1522 1693 2058 1765 obstrinxitnus-
2081 1692 2410 1783 religione
2440 1686 2480 1763 ἲ)
2534 1692 2648 1765 vel
2707 1714 2850 1767 non
2903 1696 3000 1767 li-

896 1838 932 1881 »
994 1814 1341 1887 hertatem
1395 1810 1846 1906 Apostolicae
1901 1810 2104 1885 Sedis
2183 1834 2346 1886 cum
2409 1812 2730 1888 libertate
2785 1828 2996 1911 atque

898 1960 931 2003 »
976 1933 1291 2005 utilitate
1330 1928 1692 2006 Ecclesiae
1729 1934 2098 2006 universae
2135 1935 2309 2008 adeo
2345 1935 2800 2009 coniunctam
2847 1938 3004 2009 vin-

898 2079 947 2124 »·
996 2054 1235 2127 iiicare
1263 2048 1306 2125 ’θ’

1106 2200 1141 2245 s
1204 2172 1307 2247 Ac
1358 2194 1575 2269 quam
1628 2196 1881 2265 magna
1955 2195 2198 2247 revera
2253 2173 2346 2247 sit
2401 2177 2806 2268 temporalis
2855 2178 3002 2250 hu·-

896 2322 929 2367 n
994 2300 1109 2372 ius
1165 2294 1617 2388 principatus
1691 2292 2138 2388 congruentia
2191 2308 2404 2390 atque
2471 2300 2851 2371 necessitas
2907 2299 2998 2371 ad

896 2446 931 2489 ιι
994 2417 1443 2492 asserendum
1504 2412 1850 2509 Supremo
1903 2410 2258 2490 Ecclesiae
2313 2412 2540 2509 Capiti
2611 2429 2846 2492 tutum
2913 2440 3000 2491 ac

897 2565 931 2609 n
994 2540 1291 2612 liberum
1342 2538 1748 2609 exercitium
1803 2538 2192 2629 spiritualis
2248 2538 2464 2623 illius,
2502 2560 2684 2634 quae
2741 2538 3004 2615 divini-

897 2686 930 2735 1·
998 2675 1111 2736 tus
1163 2657 1273 2732 llli
1326 2671 1475 2732 toto
1530 2659 1698 2732 orbe
1758 2657 2008 2730 tradita
2045 2669 2179 2742 est,
2221 2659 2620 2751 potestatiS‚
2675 2681 2762 2734 ea
2813 2662 3000 2755 ipsa,

898 2807 933 2853 a
994 2803 1173 2876 quae
1228 2801 1419 2852 nunc
1470 2779 1799 2850 eveniunt
1853 2774 2364 2874 (etiamsi-alia
2407 2781 2738 2854 deessent
2787 2803 3004 2874 argu·-

896 2925 949 2973 ιι·
994 2895 1279 2999 menta)
1332 2897 1537 2970 nimis
1592 2898 1728 2969 iam
1779 2899 2004 2972 multa
2055 2900 2539 2972 demonstrant
2597 2925 2631 2969 n
2695 2895 2829 3000 (2).

1016 3051 1025 3062 =
1097 3017 1227 3094 His
1284 3021 1493 3113 igitur
1546 3019 1992 3091 inhaerentes
2045 3020 2362 3092 sensibus
2413 3040 2588 3113 quos
2652 3023 2724 3095 in
2781 3022 3004 3116 pluri-

888 3143 1020 3216 bus
1060 3137 1619 3214 Allocutionibus
1655 3134 1922 3212 Nostris
1959 3150 2366 3213 constanter
2403 3141 2692 3233 professi
2729 3162 2998 3228 sumus,

890 3263 1345 3358 responsione
1380 3256 1631 3332 Nostra
1687 3260 1778 3332 ad
1831 3257 2094 3352 Regem
2149 3261 2332 3348 data,
2369 3262 2658 3336 iniustas
2693 3263 2840 3336 eius
2881 3285 3004 3358 po-

890 3383 1299 3457 stulationes
1372 3381 1904 3474 reprobavimus
1937 3428 1958 3464 ,
2043 3381 2142 3453 ita
2223 3392 2456 3454 tamen
2519 3394 2600 3458 ut
2663 3385 3000 3459 acerbum

890 3506 1203 3578 dolorem
1284 3497 1618 3576 Nostrum
1701 3512 2040 3594 paternae
2123 3503 2450 3576 charitati
2545 3505 2998 3578 coniunctum

892 3624 1439 3708 ostenderemus,
1494 3643 1676 3716 quae
1728 3623 1844 3694 vel
1899 3623 2088 3715 ipsos
2143 3621 2326 3695 filios
2379 3623 2708 3696 rebellem
2763 3621 3000 3698 Absa-

891 3747 1004 3820 lon
1058 3745 1413 3817 imitantes
1464 3746 1691 3816 nescit
1751 3767 1794 3816 a
1875 3764 2000 3815 sua
2077 3743 2542 3818 sollicitudine
2607 3765 2996 3818 removere.

891 3861 1098 3940 Hisce
1154 3876 1390 3937 autem
1444 3863 1695 3936 litteris
1741 3864 2046 3938 nondum
2099 3863 2186 3936 ad
2241 3859 2502 3956 Regem
2555 3866 2876 3957 perlatis,
2911 3865 3000 3938 ab

892 3986 1044 4062 eius
1099 3987 1369 4060 interea
1422 3988 1744 4060 exercitu
1783 3986 2186 4079 pontificiae
2223 3981 2516 4062 Nostrae
2569 3987 2856 4060 ditionis
2893 3987 3002 4060 in-

1052 4271 1134 4356 (1)
1176 4273 1241 4340 S.
1287 4273 1508 4341 Ambr.
1552 4274 1706 4344 ibid.

1054 4365 1135 4456 (2)
1178 4367 1329 4438 Litt.
1375 4367 1599 4458 Apost.
1640 4365 1724 4442 10
1761 4369 1901 4439 Iun.
1944 4365 2124 4442 m.
