3292 5275
841 419 944 500 56

840 587 1097 657 genere
1154 566 1490 659 impetitis
1545 565 1952 648 immortalis
1998 567 2378 638 memoriae
2443 564 2610 640 Pius
2645 563 2790 640 ΡΡ.
2827 565 2960 641 Vll

838 690 1008 763 nihil
1083 693 1501 763 intentatum
1575 689 1996 781 reliquerit,
2071 709 2209 782 quo
2288 687 2438 760 illas
2523 689 2609 759 ab
2679 689 2962 763 excidio

840 820 1183 886 servaret.
1224 804 1443 881 Porro
1498 827 1718 900 quum
1763 809 1831 878 in
1879 803 2264 901 HispaniiS‚
2306 817 2377 880 et
2416 805 2782 881 Americae
2823 803 2968 882 Co-

837 932 1045 1003 loniis
1102 928 1423 1022 plurima,
1465 949 1688 1021 aeque
1737 951 1818 1000 ac
1874 928 2430 1021 frequentissima
2487 950 2656 1021 prae
2711 930 2965 1002 ceteris

842 1052 1249 1145 regionibus
1308 1045 1792 1140 religiosorum
1857 1042 2196 1120 Ordinum
2225 1042 2576 1120 Coenobia
2603 1043 2840 1122 Kal-oli
2869 1043 2966 1121 lV

840 1171 1171 1247 catholici
1209 1164 1423 1260 Regis
1478 1167 1896 1259 pientissimi
1954 1169 2216 1252 studio,
2256 1191 2338 1240 ac
2391 1167 2786 1259 patrocinio
2833 1169 2966 1242 flo-

842 1303 1110 1376 rerent,
1170 1302 1243 1362 et
1298 1293 1726 1361 incrementa
1781 1288 1852 1359 in
1907 1288 2054 1360 dies
2111 1291 2575 1396 susciperent,
2613 1289 2800 1360 idem
2837 1289 2964 1360 de-

842 1435 1082 1488 cessor
1136 1407 1390 1484 Noster
1444 1411 1814 1502 perpensis
1870 1431 2104 1483 rerum
2134 1457 2157 1494 ‚
2215 1431 2296 1482 ac
2353 1420 2740 1500 temporum
2796 1409 2964 1484 vici-

842 1536 1005 1620 bus,
1035 1545 1104 1606 et
1133 1529 1679 1614 difficultatibus,
1708 1529 2026 1602 eiusdem
2065 1529 2389 1602 catholici
2421 1524 2636 1620 Regis
2674 1531 2966 1604 deside-

843 1659 970 1729 riis
1008 1673 1329 1727 annuens
1356 1647 1794 1743 Apostolicas
1857 1647 2084 1722 idibus
2123 1644 2288 1720 Maii
2315 1645 2520 1720 Anno
2549 1645 2960 1724 MDCCCIV

844 1776 1064 1850 edidit
1120 1775 1245 1846 sub
1285 1769 1581 1844 Plumbo
1613 1766 1942 1852 LitteraS‚
1999 1768 2256 1862 quibus
2314 1769 2642 1843 nonnulla
2698 1772 2786 1844 de
2815 1767 2962 1844 Re-

846 1895 1191 1990 gularium
1220 1891 1602 1967 Ordinibus
1659 1891 1734 1959 in
1789 1883 2144 1980 Hispaniis
2197 1889 2660 1965 existentibus
2717 1891 2964 1965 decre·-

846 2021 976 2094 vit.
1034 2013 1227 2090 Haec
1281 2013 1465 2084 inter
1530 2010 1699 2080 illud
1765 2013 2140 2102 praecipue
2221 2023 2516 2083 cavetur
2549 2059 2570 2096 ‚
2630 2013 2814 2106 quod
2871 2015 2958 2086 iis

846 2136 1274 2230 temporibus
1306 2133 1392 2204 ad
1438 2132 1735 2203 vitanda
1765 2130 1942 2204 mala
1967 2129 2258 2204 sortasse
2299 2132 2643 2222 religiosis
2673 2134 2962 2206 familiis

847 2257 1320 2352 impendentia
1386 2266 1862 2346 opportunum
1915 2251 2166 2337 duxit,
2233 2271 2478 2346 nempe
2515 2300 2537 2338 ,
2605 2266 2686 2326 ut
2749 2253 2962 2327 iidem

848 2379 1269 2471 regularium
1322 2370 1621 2446 Ordines
1680 2374 1948 2444 alterna
2007 2371 2156 2444 vice
2213 2395 2332 2466 per
2397 2395 2746 2448 summum
2811 2371 2964 2449 Ma-

848 2500 1141 2592 gistrum
1196 2518 1287 2568 ex
1344 2504 1549 2588 gente
1604 2488 1920 2586 Hispana
1976 2494 2300 2576 electum,
2351 2505 2424 2566 et
2479 2495 2545 2564 in
2601 2491 2964 2588 Hispaniis

848 2626 1423 2698 commorantem,
1476 2616 1619 2698 vel,
1682 2635 1891 2707 quum
1947 2634 2354 2707 supremum
2407 2609 2690 2687 Ordinis
2747 2610 2966 2709 Magi-

846 2742 1143 2815 sterium
1196 2762 1239 2811 a
1293 2740 1450 2811 viro
1507 2736 1796 2809 alterius
1855 2733 2156 2807 nationis
2217 2746 2604 2824 gereretur,
2663 2758 2788 2829 per
2833 2732 2964 2809 Vi-

846 2862 1109 2933 carium
1150 2858 1545 2950 generalem
1574 2851 1956 2945 Hispanum
1993 2856 2554 2950 independenter
2589 2857 2676 2927 ab
2713 2859 2960 2931 eodem

846 2978 1179 3072 Magistro
1232 2978 1814 3073 gubernarentur.
1871 2972 2078 3049 Modo
2155 2987 2392 3050 autem
2475 2976 2962 3053 florentissimi

844 3102 1032 3176 illius
1070 3098 1293 3191 Regni
1330 3095 1533 3171 Statu
1574 3098 1643 3167 in
1689 3098 2140 3169 miserrimam
2197 3082 2670 3170 conditionem
2724 3121 2960 3184 verso,

848 3222 1185 3317 religiosis
1240 3220 1517 3292 familiis
1572 3220 1892 3312 publicae
1949 3216 2384 3290 auctoritatis
2439 3218 2728 3291 decreto
2793 3242 2957 3312 spo-

846 3345 1031 3419 liatis
1060 3364 1185 3417 suo
1212 3342 1561 3426 censu,‘et
1598 3340 1754 3411 inde
1793 3340 2302 3423 exterminatis,
2333 3338 2960 3434 deficientibusque

849 3466 1135 3541 omnino
1172 3464 1433 3545 causiS‚
1464 3484 1643 3555 quae
1685 3457 2136 3535 Decessorem
2189 3456 2522 3532 Nostrum
2578 3463 2665 3533 ad
2703 3483 2785 3533 ea
2817 3473 2964 3534 sta·-

850 3587 1115 3662 tuenda
1168 3583 1621 3676 impulerunt,
1676 3582 1911 3652 dilecti
1965 3580 2118 3664 filii,
2162 3582 2342 3652 alter
2401 3580 2804 3672 provinciae
2835 3576 2964 3653 Or·-

848 3705 1025 3782 dinis
1058 3701 1635 3777 Praedicatorum
1691 3702 1766 3771 in
1804 3696 2214 3794 Philippinis
2243 3696 2498 3774 insulis
2537 3697 2958 3787 Moderator‚

846 3825 1329 3902 obsecundans
1385 3823 1573 3896 votis
1611 3821 1684 3893 in
1719 3822 1898 3893 actis
1939 3820 2470 3915 provincialium
2495 3818 2962 3895 Comitiorum

848 3950 1125 4040 saepius
1176 3944 1557 4039 expressiS‚
1600 3946 1780 4015 alter
1831 3937 2194 4013 Generalis
2246 3936 2784 4016 Commissarius
2823 3937 2964 4013 Do·

846 4066 1204 4144 miniciani
1233 4064 1517 4139 Ordinis
1572 4066 1639 4135 in
1674 4060 2027 4156 Hispaniis
2083 4064 2332 4134 iterata
2389 4084 2592 4156 prece
2668 4084 2706 4133 a
2745 4058 2962 4135 Nobis

850 4202 1149 4283 petunt,
1227 4200 1303 4259 ut
1380 4181 1732 4259 Coenobia
1766 4233 1789 4270 ,
1842 4180 2148 4274 Collegia
2180 4231 2201 4268 ‚
2259 4196 2332 4255 et
2405 4179 2723 4276 Hospitia
2789 4178 2964 4253 Fra-

849 4321 1035 4386 trum
1062 4304 1349 4383 Ordinis
1385 4304 1962 4381 Praedicatorum
1997 4304 2086 4377 ad
2135 4306 2468 4397 pristinas
2505 4303 2616 4377 sui
2650 4303 2960 4377 instituti
