3292 5275
2247 462 2400 543 303

1074 596 1611 693 EPISTOLA

282 886 661 945 VREEBABUA
720 886 953 937 PRATM
1009 886 1253 936 NOSTRO
1308 884 1750 946 consummo
1805 884 1864 933 S.
1927 886 1990 932 n.
2051 884 2113 931 Β.
2181 884 2408 934 cnut-

396 1022 540 1071 Mu
606 1020 850 1071 vnum
918 1020 1214 1070 tvtscot’o
1290 1018 1575 1069 osrlssust
1651 1019 1736 1068 m·
1807 1017 2160 1068 vauri-:nuo
2227 1018 2406 1069 sactu

396 1154 821 1205 caumlunvn
888 1153 1177 1203 cottum!
1234 1150 1484 1203 onemo
1517 1178 1538 1213 9
1598 1148 1853 1202 victum
1907 1150 2154 1200 nosne
2209 1150 2411 1201 GENE-

400 1290 546 1341 nm
601 1288 663 1338 m
719 1288 1190 1338 svmtrvattuvs
1244 1286 1450 1336 nont
1506 1286 1764 1345 stvsovt:
1821 1285 2220 1336 ms‘rntc'rVS.

991 1997 1243 2097 PIVS
1308 1998 1477 2093 PP.
1553 1998 1706 2093 IX.

306 2322 813 2487 Venerabilis
868 2406 1113 2485 Frater
1167 2406 1449 2497 Noster,
1490 2410 1776 2484 salutem
1829 2424 1904 2483 et
1949 2406 2422 2505 Apostolicam

298 2530 895 2607 Benedictionem.
960 2528 1101 2605 Res
1136 2530 1413 2606 maximi
1470 2532 1670 2625 {ilaue
1717 2531 2080 2617 momenti,
2118 2526 2424 2605 Venera-

301 2655 459 2730 bilis
496 2651 739 2728 Fratcr
774 2649 1057 2738 Noster,
1102 2654 1433 2748 postulat,
1492 2651 1722 2744 rogari
1760 2650 1862 2726 Te
1897 2677 1940 2726 a
1977 2649 2183 2726 Nobis
2221 2667 2422 2748 atque

300 2775 627 2860 excitari,
692 2786 770 2847 ut
822 2797 1040 2868 opera
1090 2774 1457 2868 studioque
1512 2786 1635 2846 tuo
1689 2787 2076 2848 extenuare
2141 2786 2426 2848 conten-

304 2898 461 2982 das,
528 2909 653 2971 aut
708 2893 964 2981 etiam,
1022 2893 1083 2966 si
1134 2893 1287 2966 fieri
1341 2896 1591 2988 possit,
1649 2895 1918 2970 amoliri
1973 2916 2015 2967 a
2069 2893 2424 2968 iuventute

304 3029 549 3090 nostra
604 3015 917 3088 studiosa
954 3014 1341 3108 periculum
1390 3013 1579 3088 exitii
1614 3015 1678 3087 ei
1715 3013 1960 3107 parati.
2000 3009 2284 3088 Litteris
2321 3037 2426 3088 sa·

306 3159 393 3210 ne
450 3159 659 3212 manu
714 3133 967 3210 Nostra
1020 3137 1205 3210 datis
1266 3159 1405 3210 non
1458 3136 1678 3210 semel
1731 3156 2232 3210 monueramus
2293 3137 2426 3208 ali·

304 3277 515 3352 quem
570 3281 609 3332 e
665 3258 1075 3352 populorum
1138 3258 1716 3342 moderatoribus,
1751 3267 1830 3328 ut
1867 3257 1976 3332 usi
2013 3256 2424 3330 auctoritate

310 3379 607 3472 desuper
632 3379 737 3450 eis
766 3379 1159 3464 commissa,
1203 3397 1682 3472 memoresque
1721 3377 2030 3450 muneris
2067 3377 2180 3451 sui
2219 3389 2428 3452 tuen-

310 3501 441 3571 dae
498 3496 727 3572 civilis
770 3499 1123 3572 societatis
1180 3501 1263 3572 ab
1318 3499 1828 3582 incredulitate,
1887 3509 2076 3592 peste
2113 3498 2426 3570 omnium

308 3617 917 3712 perniciosissima,
954 3632 1274 3694 arcerent
1310 3643 1351 3692 a
1388 3611 1880 3712 Magistromm
1916 3615 2270 3692 subselliis
2305 3619 2429 3690 ho·

312 3741 570 3821 mines,
626 3741 745 3834 qui
800 3760 945 3812 non
1002 3743 1229 3816 solum
1284 3743 1517 3814 omnia
1572 3741 2008 3834 despicerent
2063 3737 2288 3812 officia
2325 3765 2430 3817 re-

312 3858 613 3952 ligionis,
666 3860 789 3932 sed
844 3860 1001 3934 odio
1046 3862 1197 3935 eius
1235 3861 1401 3950 acti,
1434 3861 1819 3956 spirituque
1883 3881 2050 3934 vere
2089 3863 2426 3952 satanico,

315 3981 637 4053 eamdem
692 3994 1088 4075 carperent,
1138 3983 1619 4068 traducerent,
1677 3994 2182 4077 oppugnarent.
2225 3980 2428 4060 lrrita

319 4112 551 4174 tamen
588 4103 870 4175 fuerunt
908 4102 1165 4176 monita
1222 4099 1472 4178 Nostra
1496 4155 1519 4193 ,
1574 4103 1916 4198 siquidem
1957 4104 2256 4180 veritum
2291 4119 2431 4197 est,

321 4236 443 4296 aut
496 4243 635 4296 non
663 4223 871 4298 libuit
904 4245 1257 4318 opponere
1284 4247 1561 4301 murum
1596 4245 1890 4300 aeneum
1941 4227 2222 4300 monstri
2271 4249 2433 4322 pro-

321 4342 627 4440 gressui3
677 4344 1003 4446 licuitque
1054 4356 1425 4445 propterea
1478 4347 1812 4426 iuveniles
1849 4347 2108 4424 animos
2142 4367 2430 4450 perver-
