3292 5275
871 477 1036 564 272

873 643 1051 698 unos
1089 621 1178 698 ab
1215 621 1356 696 illis
1408 622 1701 716 percelli
1738 623 2135 700 masonicos
2172 633 2421 700 eoetus
2458 621 2535 696 in
2562 617 2848 716 Europa
2886 621 3033 696 in-

869 743 1182 827 stitutos,
1239 743 1366 820 sed
1417 763 1661 822 omues
1724 755 2081 838 quotquot
2136 745 2213 820 in
2268 739 2595 822 America
2626 791 2651 832 ,
2706 743 3031 840 aliisque

875 863 1088 942 totius
1141 863 1332 938 orbis
1385 865 1610 957 plagis
1660 864 2040 942 habentur.

1079 981 1439 1066 Ceterum,
1494 980 1946 1063 Venerabilas
1990 979 2309 1072 Fratres,
2347 985 2674 1079 quoniam
2712 985 2785 1060 in
2823 985 3025 1060 haee

873 1117 1186 1198 tempora
1241 1105 1610 1182 incidimus
1635 1153 1658 1190 ,
1722 1105 1980 1200 quibus
2046 1105 2263 1180 multa
2327 1105 2613 1198 quidem
2690 1105 3035 1198 patiendi

871 1227 996 1306 ted
1051 1239 1126 1298 et
1178 1227 1493 1304 merendi
1564 1228 1786 1300 instat
1842 1225 2118 1300 occasio
2196 1245 2519 1300 curemus
2596 1226 3029 1319 praeprimis

873 1358 1228 1442 tamquam
1279 1343 1543 1426 Christi
1603 1347 1873 1420 milites
1930 1347 2097 1451 boni
2121 1395 2149 1433 ‚
2200 1367 2289 1420 ne
2342 1334 2652 1422 animum
2702 1347 3033 1438 despon-

873 1469 1202 1553 deamus,·
1247 1469 1392 1542 imo
1446 1469 1520 1542 in
1578 1467 1733 1560 ipsa
1789 1489 1941 1561 qua·
1988 1467 2331 1542 iactamur
2382 1466 2686 1562 procella
2735 1481 3029 1574 certam

875 1607 1072 1680 spem
1127 1590 1320 1676 nacti
1377 1588 1917 1682 tranquillitatis
1956 1590 2263 1673 futurae,
2294 1599 2366 1660 et
2402 1587 2717 1662 clarioris
2756 1589 2832 1659 in
2870 1585 3033 1664 Ec·

875 1709 1092 1782 clesia
1131 1708 1544 1784 serenitatis
1577 1755 1598 1794 ,
1668 1729 1799 1782 nos
1868 1707 2059 1800 ipsos
2113 1719 2187 1782 et
2240 1707 2677 1784 laborantem
2738 1711 3027 1786 elerum

869 1839 938 1900 et
994 1829 1330 1922 populum
1375 1831 1735 1920 erigamus
1804 1829 2054 1904 divino
2118 1829 2375 1903 auxilio
2446 1827 2695 1902 confisi
2748 1843 2827 1903 et
2878 1853 3027 1906 no-

869 1948 1212 2027 bilissima
1271 1951 1393 2025 illa
1447 1952 1749 2024 excitati
1802 1945 2293 2042 Chrysostomi
2370 1953 2967 2027 commentatione
2998 1977 3025 2026 ε

880 2093 914 2140 ιι
957 2065 1165 2145 Multi
1207 2070 1468 2146 fluctus
1511 2074 1807 2154 instant,
1844 2090 2238 2163 gravesque
2278 2073 2621 2162 procellae
2644 2093 2673 2160 3
2708 2073 2837 2146 sed
2866 2095 3023 2153 non

874 2217 912 2262 ,n
961 2190 1280 2266 timemus
1343 2214 1436 2268 ne
1491 2193 2063 2287 submergamur3
2118 2213 2281 2266 nam
2332 2192 2413 2262 in
2487 2203 2689 2284 petra
2758 2197 3029 2270 consi-

879 2335 914 2382 »
963 2312 1235 2387 stimus.
1303 2309 1589 2390 Saeviat
1645 2333 1829 2386 mare
1857 2361 1879 2395 ‚
1936 2323 2205 2408 petram
2257 2310 2635 2387 dissolvere
2702 2317 3027 2408 nequit3

879 2455 916 2504 n
961 2432 1331 2527 insurgant
1387 2434 1693 2514 fluctus,
1748 2427 1909 2506 lesu
1988 2433 2343 2526 navigium
2416 2433 2817 2524 deniergere
2874 2457 3023 2510 non

879 2575 913 2624 >v
962 2566 1275 2647 possunt.
1325 2547 1861 2629 Nihil-Ecclesia
1916 2550 2295 2647 potentius.
2328 2547 2641 2626 Ecclesia
2694 2567 2807 2631 est
2856 2557 3023 2649 ipso

881 2696 916 2743 n
961 2678 1154 2750 caelo
1225 2674 1498 2752 fortior.
1561 2670 1862 2751 Caelum
1914 2684 1985 2747 et
2038 2686 2231 2747 terra
2300 2671 2697 2749 transibunt
2720 2724 2745 2757 ‚
2798 2676 3027 2751 verba

881 2818 916 2865 »
959 2806 1199 2872 autem
1253 2818 1416 2871 mea
1489 2817 1632 2871 non
1697 2791 2121 2867 transibunt.
2177 2788 2379 2885 Quae
2434 2794 2649 2869 verba
2674 2788 2715 2866 ἰ’
2777 2794 2889 2871 Tu
2946 2820 3025 2871 es

873 2935 912 2981 n
961 2909 1136 2989 Petr
1150 2938 1240 2989 us
1291 2927 1364 2993 et
1411 2938 1630 3014 super
1664 2914 1851 2989 hanc
1878 2926 2165 3013 petram
2196 2911 2585 3013 aedificabo
2612 2912 3023 2991 Ecclesiam

879 3060 914 3107 »
956 3057 1194 3114 meam
1259 3049 1330 3111 et
1373 3050 1628 3137 portae
1678 3035 1897 3135 inferi
1934 3058 2075 3112 non
2100 3032 2617 3137 praevalebunt
2667 3033 3027 3113 adversus

880 3178 914 3225 n
957 3178 1142 3232 eam.
1187 3154 1262 3231 Si
1323 3180 1466 3233 non
1532 3158 1763 3232 credis
1818 3157 2067 3241 verbo,
2126 3157 2332 3232 rebus
2388 3156 2620 3231 crede.
2662 3152 2861 3247 Quot
2898 3170 3029 3253 ty·-

878 3302 916 3351 »
965 3278 1158 3355 ranni
1187 3274 1592 3359 Ecclesiam
1633 3278 2029 3370 opprimere
2070 3273 2583 3351 tentaverunt!
2626 3273 2825 3367 Quot
2864 3300 3030 3353 sar-

883 3422 920 3469 »
966 3400 1264 3493 tagioeS,
1301 3412 1474 3492 quat
1531 3400 1885 3480 fornaces,
1918 3399 2225 3474 terarum
2278 3400 2549 3481 dentes,
2596 3398 2807 3490 gladii
2846 3422 3031 3475 acu-

883 3542 920 3589 »
968 3516 1062 3594 ti!
1123 3520 1302 3593 nihil
1389 3520 1863 3611 perfecerunt.
1923 3514 2223 3595 Ubinam
2298 3531 2466 3593 sunt
2543 3520 2783 3595 hostes
2844 3521 2943 3593 illi
2978 3516 3027 3593 ἰ’

888 3666 926 3713 »
969 3638 1266 3716 Silentio
1321 3652 1394 3713 et
1451 3638 1792 3714 oblivioni
1841 3637 2111 3713 ‘traditi
2174 3653 2365 3713 sunt.
2415 3636 2709 3714 Ubinam
2760 3637 3033 3715 Eccle-

883 3784 920 3833 »
967 3760 1069 3834 sia
1095 3754 1133 3833 ‘u‘
1171 3756 1550 3853 Plusquam
1589 3760 1693 3839 sol
1728 3759 2172 3853 splendescit.
2214 3755 2415 3849 Quae
2454 3762 2733 3835 illorum
2770 3774 3029 3853 erant,

891 3906 926 3953 »
973 3882 1288 3961 extincta
1343 3892 1558 3970 suut3
1611 3902 1795 3975 quae
1850 3881 1939 3953 ad
1994 3881 2185 3955 illam
2252 3892 2602 3975 spectant,
2656 3894 2825 3955 sunt
2880 3880 3035 3955 im-

882 4028 920 4075 »
965 4003 1311 4079 mortalia.
1360 3998 1436 4077 Si
1489 4024 1649 4077 cum
1702 4002 1903 4096 pauci
1960 4014 2161 4075 erant
2196 3998 2599 4089 Christiani,
2636 4024 2781 4077 non
2838 4001 3033 4077 vieti

865 4146 926 4197 a
969 4137 1136 4210 sunt
1159 4148 1188 4215 ᾗ
1249 4124 1538 4219 quaudo
1577 4124 1767 4199 orbis
1804 4136 1995 4218 totus
2050 4124 2165 4219 pia
2200 4124 2537 4215 religione
2578 4122 2829 4215 plenus
2872 4134 3030 4209 est,

887 4268 922 4319 »
967 4244 1310 4347 quomodo
1377 4245 1534 4321 illos
1609 4247 1903 4321 vincere
1978 4236 2259 4339 possis?
2323 4236 2623 4319 Caelum
2686 4252 2753 4313 et
2816 4252 3037 4315 term
