<?xml version="1.0" encoding="UTF-8"?>
<!DOCTYPE html PUBLIC "-//W3C//DTD XHTML 1.0 Transitional//EN"
    "http://www.w3.org/TR/xhtml1/DTD/xhtml1-transitional.dtd">
<html xmlns="http://www.w3.org/1999/xhtml" xml:lang="en" lang="en">
 <head>
  <title>
</title>
<meta http-equiv="Content-Type" content="text/html;charset=utf-8" />
  <meta name='ocr-system' content='tesseract 3.04.00' />
  <meta name='ocr-capabilities' content='ocr_page ocr_carea ocr_par ocr_line ocrx_word'/>
</head>
<body>
  <div class='ocr_page' id='page_1' title='image "./piiixpontificis01ixgoog_0522.png"; bbox 0 0 3292 5275; ppageno 0'>
   <div class='ocr_carea' id='block_1_1' title="bbox 850 450 1006 537">
    <p class='ocr_par' dir='ltr' id='par_1_1' title="bbox 850 450 1006 537">
     <span class='ocr_line' id='line_1_1' title="bbox 850 450 1006 537; baseline 0 0"><span class='ocrx_word' id='word_1_1' title='bbox 850 450 1006 537; x_wconf 70' lang='lat'><strong>128</strong></span> 
     </span>
    </p>
   </div>
   <div class='ocr_carea' id='block_1_2' title="bbox 841 586 2998 1169">
    <p class='ocr_par' dir='ltr' id='par_1_2' title="bbox 841 586 2998 1169">
     <span class='ocr_line' id='line_1_2' title="bbox 843 586 2979 688; baseline -0.001 -19"><span class='ocrx_word' id='word_1_2' title='bbox 843 591 1149 683; x_wconf 76' lang='lat' dir='ltr'><strong>alienae,</strong></span> <span class='ocrx_word' id='word_1_3' title='bbox 1203 594 1326 670; x_wconf 87' lang='lat' dir='ltr'><strong>sed</strong></span> <span class='ocrx_word' id='word_1_4' title='bbox 1381 592 1510 667; x_wconf 78' lang='lat' dir='ltr'><strong>sibi</strong></span> <span class='ocrx_word' id='word_1_5' title='bbox 1543 594 1893 688; x_wconf 71' lang='lat' dir='ltr'><strong>Tpropriae</strong></span> <span class='ocrx_word' id='word_1_6' title='bbox 1946 594 2315 687; x_wconf 69' lang='lat' dir='ltr'><strong>potestatis</strong></span> <span class='ocrx_word' id='word_1_7' title='bbox 2374 594 2532 667; x_wconf 82' lang='lat' dir='ltr'><strong>iura</strong></span> <span class='ocrx_word' id='word_1_8' title='bbox 2582 586 2979 669; x_wconf 70' lang='lat' dir='ltr'><strong>exerceat?</strong></span> 
     </span>
     <span class='ocr_line' id='line_1_3' title="bbox 841 713 2985 811; baseline -0.001 -22"><span class='ocrx_word' id='word_1_9' title='bbox 841 713 972 791; x_wconf 86' lang='lat' dir='ltr'><strong>Est</strong></span> <span class='ocrx_word' id='word_1_10' title='bbox 1023 716 1321 811; x_wconf 70' lang='lat' dir='ltr'><strong>quidem</strong></span> <span class='ocrx_word' id='word_1_11' title='bbox 1363 717 1622 789; x_wconf 83' lang='lat' dir='ltr'><strong>eximia</strong></span> <span class='ocrx_word' id='word_1_12' title='bbox 1696 728 1769 789; x_wconf 80' lang='lat' dir='ltr'><strong>ct</strong></span> <span class='ocrx_word' id='word_1_13' title='bbox 1822 714 2254 791; x_wconf 70' lang='lat' dir='ltr'><strong>venerabilis</strong></span> <span class='ocrx_word' id='word_1_14' title='bbox 2292 715 2379 789; x_wconf 67' lang='lat' dir='ltr'><strong>‘in</strong></span> <span class='ocrx_word' id='word_1_15' title='bbox 2434 718 2771 809; x_wconf 88' lang='lat' dir='ltr'><strong>populum</strong></span> <span class='ocrx_word' id='word_1_16' title='bbox 2828 714 2985 789; x_wconf 82' lang='lat' dir='ltr'><strong>sihi</strong></span> 
     </span>
     <span class='ocr_line' id='line_1_4' title="bbox 843 832 2987 929; baseline -0 -19"><span class='ocrx_word' id='word_1_17' title='bbox 843 834 1290 910; x_wconf 85' lang='lat' dir='ltr'><strong>commissum</strong></span> <span class='ocrx_word' id='word_1_18' title='bbox 1341 832 1687 929; x_wconf 81' lang='lat' dir='ltr'><strong>Episcopi</strong></span> <span class='ocrx_word' id='word_1_19' title='bbox 1744 837 2162 924; x_wconf 75' lang='lat' dir='ltr'><strong>auctoritas3</strong></span> <span class='ocrx_word' id='word_1_20' title='bbox 2210 837 2304 925; x_wconf 86' lang='lat' dir='ltr'><strong>nil</strong></span> <span class='ocrx_word' id='word_1_21' title='bbox 2356 846 2603 918; x_wconf 79' lang='lat' dir='ltr'><strong>tamen</strong></span> <span class='ocrx_word' id='word_1_22' title='bbox 2639 836 2987 929; x_wconf 83' lang='lat' dir='ltr'><strong>estquod</strong></span> 
     </span>
     <span class='ocr_line' id='line_1_5' title="bbox 841 944 2982 1050; baseline 0.001 -22"><span class='ocrx_word' id='word_1_23' title='bbox 841 956 1002 1037; x_wconf 87' lang='lat' dir='ltr'><strong>inde</strong></span> <span class='ocrx_word' id='word_1_24' title='bbox 1058 955 1304 1028; x_wconf 80' lang='lat' dir='ltr'><strong>timeat</strong></span> <span class='ocrx_word' id='word_1_25' title='bbox 1381 955 1611 1029; x_wconf 83' lang='lat' dir='ltr'><strong>civilis</strong></span> <span class='ocrx_word' id='word_1_26' title='bbox 1667 968 1979 1049; x_wconf 87' lang='lat' dir='ltr'><strong>potestas</strong></span> <span class='ocrx_word' id='word_1_27' title='bbox 2010 1005 2033 1043; x_wconf 91' lang='lat'>,</span> <span class='ocrx_word' id='word_1_28' title='bbox 2088 944 2423 1050; x_wconf 81' lang='lat' dir='ltr'><strong>quoniam</strong></span> <span class='ocrx_word' id='word_1_29' title='bbox 2484 955 2560 1025; x_wconf 90' lang='lat' dir='ltr'><strong>in</strong></span> <span class='ocrx_word' id='word_1_30' title='bbox 2616 951 2982 1049; x_wconf 80' lang='lat' dir='ltr'><strong>Episcopo</strong></span> 
     </span>
     <span class='ocr_line' id='line_1_6' title="bbox 841 1073 2998 1169; baseline 0.001 -22"><span class='ocrx_word' id='word_1_31' title='bbox 841 1096 988 1149; x_wconf 88' lang='lat' dir='ltr'><strong>non</strong></span> <span class='ocrx_word' id='word_1_32' title='bbox 1039 1073 1406 1150; x_wconf 85' lang='lat' dir='ltr'><strong>inimicum</strong></span> <span class='ocrx_word' id='word_1_33' title='bbox 1457 1077 1577 1149; x_wconf 81' lang='lat' dir='ltr'><strong>scd</strong></span> <span class='ocrx_word' id='word_1_34' title='bbox 1652 1078 2071 1149; x_wconf 78' lang='lat' dir='ltr'><strong>assertorem</strong></span> <span class='ocrx_word' id='word_1_35' title='bbox 2146 1076 2445 1148; x_wconf 75' lang='lat' dir='ltr'><strong>habebit</strong></span> <span class='ocrx_word' id='word_1_36' title='bbox 2496 1076 2998 1169; x_wconf 76' lang='lat' dir='ltr'><strong>legitimorum-</strong></span> 
     </span>
    </p>
   </div>
   <div class='ocr_carea' id='block_1_3' title="bbox 712 1190 2983 1289">
    <p class='ocr_par' dir='ltr' id='par_1_3' title="bbox 712 1190 2983 1289">
     <span class='ocr_line' id='line_1_7' title="bbox 712 1190 2983 1289; baseline -0.002 -15"><span class='ocrx_word' id='word_1_37' title='bbox 712 1270 718 1274; x_wconf 82' lang='lat'><strong>.</strong></span> <span class='ocrx_word' id='word_1_38' title='bbox 843 1195 1110 1272; x_wconf 85' lang='lat' dir='ltr'><strong>iurium</strong></span> <span class='ocrx_word' id='word_1_39' title='bbox 1141 1197 1456 1269; x_wconf 84' lang='lat' dir='ltr'><strong>ciusdem</strong></span> <span class='ocrx_word' id='word_1_40' title='bbox 1495 1190 1869 1289; x_wconf 86' lang='lat' dir='ltr'><strong>Principis.</strong></span> <span class='ocrx_word' id='word_1_41' title='bbox 1924 1191 2131 1284; x_wconf 81' lang='lat' dir='ltr'><strong>Quod</strong></span> <span class='ocrx_word' id='word_1_42' title='bbox 2170 1196 2231 1269; x_wconf 80' lang='lat' dir='ltr'><strong>si</strong></span> <span class='ocrx_word' id='word_1_43' title='bbox 2267 1206 2551 1289; x_wconf 81' lang='lat' dir='ltr'><strong>propter</strong></span> <span class='ocrx_word' id='word_1_44' title='bbox 2587 1196 2983 1269; x_wconf 85' lang='lat' dir='ltr'><strong>humanam</strong></span> 
     </span>
    </p>
   </div>
   <div class='ocr_carea' id='block_1_4' title="bbox 773 1312 2987 4185">
    <p class='ocr_par' dir='ltr' id='par_1_4' title="bbox 773 1312 2987 3577">
     <span class='ocr_line' id='line_1_8' title="bbox 842 1312 2987 1415; baseline 0 -27"><span class='ocrx_word' id='word_1_45' title='bbox 842 1316 1316 1390; x_wconf 80' lang='lat' dir='ltr'><strong>infirmitatem</strong></span> <span class='ocrx_word' id='word_1_46' title='bbox 1375 1331 1572 1415; x_wconf 68' lang='lat' dir='ltr'><strong>seque</strong></span> <span class='ocrx_word' id='word_1_47' title='bbox 1639 1316 1841 1389; x_wconf 81' lang='lat' dir='ltr'><strong>fieret</strong></span> <span class='ocrx_word' id='word_1_48' title='bbox 1870 1366 1895 1403; x_wconf 89' lang='lat'>‚</span> <span class='ocrx_word' id='word_1_49' title='bbox 1948 1318 2103 1409; x_wconf 83' lang='lat' dir='ltr'><strong>ipsa</strong></span> <span class='ocrx_word' id='word_1_50' title='bbox 2156 1312 2567 1409; x_wconf 76' lang='lat' dir='ltr'><strong>Apostolica</strong></span> <span class='ocrx_word' id='word_1_51' title='bbox 2620 1312 2837 1389; x_wconf 81' lang='lat' dir='ltr'>Sedes</span> <span class='ocrx_word' id='word_1_52' title='bbox 2892 1318 2987 1389; x_wconf 77' lang='lat' dir='ltr'><strong>in</strong></span> 
     </span>
     <span class='ocr_line' id='line_1_9' title="bbox 843 1431 2983 1530; baseline 0 -20"><span class='ocrx_word' id='word_1_53' title='bbox 843 1438 1060 1510; x_wconf 83' lang='lat' dir='ltr'><strong>talem</strong></span> <span class='ocrx_word' id='word_1_54' title='bbox 1137 1432 1564 1530; x_wconf 71' lang='lat' dir='ltr'><strong>Episcopum</strong></span> <span class='ocrx_word' id='word_1_55' title='bbox 1637 1459 1681 1509; x_wconf 83' lang='lat' dir='ltr'><strong>a</strong></span> <span class='ocrx_word' id='word_1_56' title='bbox 1751 1437 1987 1511; x_wconf 83' lang='lat' dir='ltr'><strong>debita</strong></span> <span class='ocrx_word' id='word_1_57' title='bbox 2060 1436 2367 1529; x_wconf 79' lang='lat' dir='ltr'><strong>legitimo</strong></span> <span class='ocrx_word' id='word_1_58' title='bbox 2450 1431 2763 1527; x_wconf 84' lang='lat' dir='ltr'><strong>Principi</strong></span> <span class='ocrx_word' id='word_1_59' title='bbox 2834 1436 2983 1511; x_wconf 80' lang='lat' dir='ltr'><strong>fide</strong></span> 
     </span>
     <span class='ocr_line' id='line_1_10' title="bbox 843 1555 2987 1632; baseline -0 -2"><span class='ocrx_word' id='word_1_60' title='bbox 843 1569 918 1632; x_wconf 89' lang='lat' dir='ltr'><strong>et</strong></span> <span class='ocrx_word' id='word_1_61' title='bbox 969 1556 1408 1630; x_wconf 88' lang='lat' dir='ltr'><strong>subiectione</strong></span> <span class='ocrx_word' id='word_1_62' title='bbox 1447 1578 1620 1631; x_wconf 84' lang='lat' dir='ltr'><strong>vere</strong></span> <span class='ocrx_word' id='word_1_63' title='bbox 1660 1558 2167 1631; x_wconf 80' lang='lat' dir='ltr'><strong>desciscentem</strong></span> <span class='ocrx_word' id='word_1_64' title='bbox 2222 1556 2785 1631; x_wconf 79' lang='lat' dir='ltr'><strong>animadvertere</strong></span> <span class='ocrx_word' id='word_1_65' title='bbox 2838 1555 2987 1629; x_wconf 87' lang='lat' dir='ltr'><strong>mi·-</strong></span> 
     </span>
     <span class='ocr_line' id='line_1_11' title="bbox 844 1672 2983 1772; baseline -0 -22"><span class='ocrx_word' id='word_1_66' title='bbox 844 1680 1032 1750; x_wconf 88' lang='lat' dir='ltr'><strong>nime</strong></span> <span class='ocrx_word' id='word_1_67' title='bbox 1085 1680 1494 1772; x_wconf 77' lang='lat' dir='ltr'><strong>negligeret.</strong></span> <span class='ocrx_word' id='word_1_68' title='bbox 1549 1672 1793 1771; x_wconf 83' lang='lat' dir='ltr'><strong>Neque</strong></span> <span class='ocrx_word' id='word_1_69' title='bbox 1854 1677 2244 1752; x_wconf 84' lang='lat' dir='ltr'><strong>verendum</strong></span> <span class='ocrx_word' id='word_1_70' title='bbox 2278 1724 2301 1761; x_wconf 87' lang='lat'>‚</span> <span class='ocrx_word' id='word_1_71' title='bbox 2370 1698 2461 1749; x_wconf 93' lang='lat' dir='ltr'><strong>ne</strong></span> <span class='ocrx_word' id='word_1_72' title='bbox 2512 1678 2671 1769; x_wconf 84' lang='lat' dir='ltr'><strong>quis</strong></span> <span class='ocrx_word' id='word_1_73' title='bbox 2722 1676 2983 1749; x_wconf 87' lang='lat' dir='ltr'><strong>inimi-</strong></span> 
     </span>
     <span class='ocr_line' id='line_1_12' title="bbox 843 1792 2981 1891; baseline 0.001 -20"><span class='ocrx_word' id='word_1_74' title='bbox 843 1818 1006 1873; x_wconf 89' lang='lat' dir='ltr'><strong>cum</strong></span> <span class='ocrx_word' id='word_1_75' title='bbox 1057 1820 1222 1891; x_wconf 80' lang='lat' dir='ltr'><strong>erga</strong></span> <span class='ocrx_word' id='word_1_76' title='bbox 1277 1796 1667 1889; x_wconf 79' lang='lat' dir='ltr'><strong>legitimum</strong></span> <span class='ocrx_word' id='word_1_77' title='bbox 1734 1792 2139 1889; x_wconf 82' lang='lat' dir='ltr'><strong>Principem</strong></span> <span class='ocrx_word' id='word_1_78' title='bbox 2198 1814 2445 1889; x_wconf 79' lang='lat' dir='ltr'><strong>gerens</strong></span> <span class='ocrx_word' id='word_1_79' title='bbox 2506 1799 2821 1871; x_wconf 80' lang='lat' dir='ltr'><strong>animum</strong></span> <span class='ocrx_word' id='word_1_80' title='bbox 2880 1801 2981 1873; x_wconf 81' lang='lat' dir='ltr'><strong>ad</strong></span> 
     </span>
     <span class='ocr_line' id='line_1_13' title="bbox 839 1918 2977 2011; baseline 0.001 -19"><span class='ocrx_word' id='word_1_81' title='bbox 839 1918 1312 2011; x_wconf 83' lang='lat' dir='ltr'><strong>episcopalem</strong></span> <span class='ocrx_word' id='word_1_82' title='bbox 1363 1918 1771 2010; x_wconf 79' lang='lat' dir='ltr'><strong>dignitatem</strong></span> <span class='ocrx_word' id='word_1_83' title='bbox 1810 1918 2191 2009; x_wconf 74' lang='lat' dir='ltr'><strong>subrepatz</strong></span> <span class='ocrx_word' id='word_1_84' title='bbox 2250 1919 2471 1990; x_wconf 85' lang='lat' dir='ltr'><strong>multa</strong></span> <span class='ocrx_word' id='word_1_85' title='bbox 2527 1918 2715 1992; x_wconf 83' lang='lat' dir='ltr'><strong>enim</strong></span> <span class='ocrx_word' id='word_1_86' title='bbox 2772 1920 2977 1995; x_wconf 77' lang='lat' dir='ltr'><strong>iuxta</strong></span> 
     </span>
     <span class='ocr_line' id='line_1_14' title="bbox 841 2033 2975 2132; baseline 0 -22"><span class='ocrx_word' id='word_1_87' title='bbox 841 2033 1195 2111; x_wconf 78' lang='lat' dir='ltr'><strong>Ecclesiae</strong></span> <span class='ocrx_word' id='word_1_88' title='bbox 1233 2038 1420 2130; x_wconf 81' lang='lat' dir='ltr'><strong>leges</strong></span> <span class='ocrx_word' id='word_1_89' title='bbox 1467 2040 1538 2113; x_wconf 92' lang='lat' dir='ltr'><strong>in</strong></span> <span class='ocrx_word' id='word_1_90' title='bbox 1577 2040 1695 2123; x_wconf 86' lang='lat' dir='ltr'><strong>iis,</strong></span> <span class='ocrx_word' id='word_1_91' title='bbox 1734 2040 1821 2113; x_wconf 89' lang='lat' dir='ltr'><strong>de</strong></span> <span class='ocrx_word' id='word_1_92' title='bbox 1859 2052 2163 2132; x_wconf 76' lang='lat' dir='ltr'><strong>quornm</strong></span> <span class='ocrx_word' id='word_1_93' title='bbox 2204 2040 2652 2129; x_wconf 78' lang='lat' dir='ltr'><strong>promotione</strong></span> <span class='ocrx_word' id='word_1_94' title='bbox 2704 2041 2975 2132; x_wconf 78' lang='lat' dir='ltr'><strong>agitur,</strong></span> 
     </span>
     <span class='ocr_line' id='line_1_15' title="bbox 842 2158 2979 2254; baseline 0 -22"><span class='ocrx_word' id='word_1_95' title='bbox 842 2170 1051 2237; x_wconf 81' lang='lat' dir='ltr'><strong>autea</strong></span> <span class='ocrx_word' id='word_1_96' title='bbox 1105 2158 1368 2253; x_wconf 80' lang='lat' dir='ltr'><strong>inquiri</strong></span> <span class='ocrx_word' id='word_1_97' title='bbox 1423 2161 1711 2239; x_wconf 76' lang='lat' dir='ltr'><strong>solent,</strong></span> <span class='ocrx_word' id='word_1_98' title='bbox 1764 2170 1846 2233; x_wconf 88' lang='lat' dir='ltr'><strong>ut</strong></span> <span class='ocrx_word' id='word_1_99' title='bbox 1900 2159 2283 2239; x_wconf 79' lang='lat' dir='ltr'><strong>virtutibus</strong></span> <span class='ocrx_word' id='word_1_100' title='bbox 2366 2160 2667 2250; x_wconf 83' lang='lat' dir='ltr'><strong>praediti</strong></span> <span class='ocrx_word' id='word_1_101' title='bbox 2722 2160 2979 2254; x_wconf 76' lang='lat' dir='ltr'><strong>digno-</strong></span> 
     </span>
     <span class='ocr_line' id='line_1_16' title="bbox 841 2274 2977 2372; baseline -0.001 -17"><span class='ocrx_word' id='word_1_102' title='bbox 841 2291 1135 2355; x_wconf 72' lang='lat' dir='ltr'><strong>scantur</strong></span> <span class='ocrx_word' id='word_1_103' title='bbox 1166 2327 1188 2364; x_wconf 94' lang='lat'>‚</span> <span class='ocrx_word' id='word_1_104' title='bbox 1243 2300 1420 2372; x_wconf 76' lang='lat' dir='ltr'><strong>quas</strong></span> <span class='ocrx_word' id='word_1_105' title='bbox 1479 2280 1550 2352; x_wconf 89' lang='lat' dir='ltr'><strong>in</strong></span> <span class='ocrx_word' id='word_1_106' title='bbox 1617 2280 1723 2355; x_wconf 85' lang='lat' dir='ltr'><strong>eis</strong></span> <span class='ocrx_word' id='word_1_107' title='bbox 1787 2276 2167 2372; x_wconf 76' lang='lat' dir='ltr'><strong>Apostolus</strong></span> <span class='ocrx_word' id='word_1_108' title='bbox 2224 2276 2541 2372; x_wconf 84' lang='lat' dir='ltr'><strong>requirit.</strong></span> <span class='ocrx_word' id='word_1_109' title='bbox 2598 2274 2729 2353; x_wconf 86' lang='lat' dir='ltr'><strong>His</strong></span> <span class='ocrx_word' id='word_1_110' title='bbox 2790 2300 2977 2353; x_wconf 77' lang='lat' dir='ltr'><strong>vero</strong></span> 
     </span>
     <span class='ocr_line' id='line_1_17' title="bbox 841 2400 2977 2494; baseline -0 -20"><span class='ocrx_word' id='word_1_111' title='bbox 841 2412 1032 2477; x_wconf 85' lang='lat' dir='ltr'><strong>certe</strong></span> <span class='ocrx_word' id='word_1_112' title='bbox 1085 2422 1224 2473; x_wconf 86' lang='lat' dir='ltr'><strong>non</strong></span> <span class='ocrx_word' id='word_1_113' title='bbox 1281 2402 1600 2493; x_wconf 85' lang='lat' dir='ltr'><strong>polleret,</strong></span> <span class='ocrx_word' id='word_1_114' title='bbox 1656 2401 1779 2494; x_wconf 91' lang='lat' dir='ltr'><strong>qui</strong></span> <span class='ocrx_word' id='word_1_115' title='bbox 1834 2400 2483 2492; x_wconf 78' lang='lat' dir='ltr'><strong>deprehenderetur</strong></span> <span class='ocrx_word' id='word_1_116' title='bbox 2520 2420 2663 2473; x_wconf 90' lang='lat' dir='ltr'><strong>non</strong></span> <span class='ocrx_word' id='word_1_117' title='bbox 2718 2422 2977 2475; x_wconf 75' lang='lat' dir='ltr'><strong>serva-</strong></span> 
     </span>
     <span class='ocr_line' id='line_1_18' title="bbox 839 2514 2973 2621; baseline 0.001 -28"><span class='ocrx_word' id='word_1_118' title='bbox 839 2542 918 2595; x_wconf 87' lang='lat' dir='ltr'><strong>re</strong></span> <span class='ocrx_word' id='word_1_119' title='bbox 997 2532 1444 2614; x_wconf 78' lang='lat' dir='ltr'><strong>praeceptum</strong></span> <span class='ocrx_word' id='word_1_120' title='bbox 1497 2516 1580 2591; x_wconf 85' lang='lat' dir='ltr'><strong>B.</strong></span> <span class='ocrx_word' id='word_1_121' title='bbox 1637 2516 1833 2593; x_wconf 88' lang='lat' dir='ltr'><strong>Petri</strong></span> <span class='ocrx_word' id='word_1_122' title='bbox 1889 2516 2251 2613; x_wconf 87' lang='lat' dir='ltr'><strong>Principis</strong></span> <span class='ocrx_word' id='word_1_123' title='bbox 2306 2518 2799 2612; x_wconf 76' lang='lat' dir='ltr'><strong>Apostolorum</strong></span> <span class='ocrx_word' id='word_1_124' title='bbox 2854 2514 2973 2621; x_wconf 84' lang='lat'><strong>(1)</strong></span> 
     </span>
     <span class='ocr_line' id='line_1_19' title="bbox 849 2639 2973 2735; baseline 0.001 -21"><span class='ocrx_word' id='word_1_125' title='bbox 849 2667 886 2714; x_wconf 70' lang='grc' dir='ltr'><strong>α</strong></span> <span class='ocrx_word' id='word_1_126' title='bbox 946 2640 1266 2718; x_wconf 85' lang='lat' dir='ltr'><strong>Subiecti</strong></span> <span class='ocrx_word' id='word_1_127' title='bbox 1321 2651 1552 2718; x_wconf 80' lang='lat' dir='ltr'><strong>estote</strong></span> <span class='ocrx_word' id='word_1_128' title='bbox 1609 2639 1799 2716; x_wconf 82' lang='lat' dir='ltr'><strong>omni</strong></span> <span class='ocrx_word' id='word_1_129' title='bbox 1853 2642 2200 2724; x_wconf 77' lang='lat' dir='ltr'><strong>humanae</strong></span> <span class='ocrx_word' id='word_1_130' title='bbox 2254 2652 2619 2717; x_wconf 78' lang='lat' dir='ltr'><strong>creaturae</strong></span> <span class='ocrx_word' id='word_1_131' title='bbox 2674 2655 2973 2735; x_wconf 83' lang='lat' dir='ltr'><strong>propter</strong></span> 
     </span>
     <span class='ocr_line' id='line_1_20' title="bbox 845 2760 2975 2858; baseline 0.001 -24"><span class='ocrx_word' id='word_1_132' title='bbox 845 2785 882 2834; x_wconf 72' lang='grc' dir='ltr'><strong>ιι</strong></span> <span class='ocrx_word' id='word_1_133' title='bbox 945 2760 1228 2837; x_wconf 81' lang='lat' dir='ltr'><strong>Deum:</strong></span> <span class='ocrx_word' id='word_1_134' title='bbox 1283 2765 1432 2836; x_wconf 84' lang='lat' dir='ltr'><strong>sive</strong></span> <span class='ocrx_word' id='word_1_135' title='bbox 1486 2763 1634 2854; x_wconf 77' lang='lat' dir='ltr'><strong>regi</strong></span> <span class='ocrx_word' id='word_1_136' title='bbox 1682 2762 1887 2858; x_wconf 85' lang='lat' dir='ltr'><strong>quasi</strong></span> <span class='ocrx_word' id='word_1_137' title='bbox 1926 2761 2409 2856; x_wconf 85' lang='lat' dir='ltr'><strong>praecellenti,</strong></span> <span class='ocrx_word' id='word_1_138' title='bbox 2466 2762 2615 2836; x_wconf 85' lang='lat' dir='ltr'><strong>sive</strong></span> <span class='ocrx_word' id='word_1_139' title='bbox 2670 2763 2975 2836; x_wconf 76' lang='lat' dir='ltr'><strong>ducibus</strong></span> 
     </span>
     <span class='ocr_line' id='line_1_21' title="bbox 845 2869 2973 2988; baseline 0 -31"><span class='ocrx_word' id='word_1_140' title='bbox 845 2909 882 2957; x_wconf 70' lang='grc' dir='ltr'><strong>ιι</strong></span> <span class='ocrx_word' id='word_1_141' title='bbox 943 2869 1298 2980; x_wconf 64' lang='grc' dir='ltr'>ωιιιᾴιιιῐιὶ</span> <span class='ocrx_word' id='word_1_142' title='bbox 1373 2885 1462 2960; x_wconf 67' lang='lat' dir='ltr'><strong>ab</strong></span> <span class='ocrx_word' id='word_1_143' title='bbox 1537 2903 1622 2956; x_wconf 92' lang='lat' dir='ltr'><strong>eo</strong></span> <span class='ocrx_word' id='word_1_144' title='bbox 1680 2884 1911 2962; x_wconf 75' lang='lat' dir='ltr'><strong>missis·</strong></span> <span class='ocrx_word' id='word_1_145' title='bbox 1962 2884 2053 2958; x_wconf 72' lang='lat' dir='ltr'><strong>ad</strong></span> <span class='ocrx_word' id='word_1_146' title='bbox 2110 2883 2501 2988; x_wconf 83' lang='lat' dir='ltr'><strong>vind-ictam</strong></span> <span class='ocrx_word' id='word_1_147' title='bbox 2554 2884 2973 2972; x_wconf 76' lang='lat' dir='ltr'><strong>malefacto-</strong></span> 
     </span>
     <span class='ocr_line' id='line_1_22' title="bbox 843 3004 2973 3106; baseline 0 -31"><span class='ocrx_word' id='word_1_148' title='bbox 843 3029 878 3075; x_wconf 77' lang='lat'><strong>»</strong></span> <span class='ocrx_word' id='word_1_149' title='bbox 933 3016 1120 3106; x_wconf 63' lang='lat' dir='ltr'><strong>¹rum,</strong></span> <span class='ocrx_word' id='word_1_150' title='bbox 1176 3007 1462 3089; x_wconf 76' lang='lat' dir='ltr'><strong>laudem</strong></span> <span class='ocrx_word' id='word_1_151' title='bbox 1514 3028 1687 3084; x_wconf 80' lang='lat' dir='ltr'><strong>vero</strong></span> <span class='ocrx_word' id='word_1_152' title='bbox 1742 3009 2114 3091; x_wconf 70' lang='lat' dir='ltr'><strong>bonorum</strong></span> <span class='ocrx_word' id='word_1_153' title='bbox 2166 3004 2337 3096; x_wconf 81' lang='lat' dir='ltr'><strong>quia</strong></span> <span class='ocrx_word' id='word_1_154' title='bbox 2390 3005 2495 3076; x_wconf 89' lang='lat' dir='ltr'><strong>sic</strong></span> <span class='ocrx_word' id='word_1_155' title='bbox 2548 3015 2657 3076; x_wconf 90' lang='lat' dir='ltr'><strong>est</strong></span> <span class='ocrx_word' id='word_1_156' title='bbox 2713 3004 2973 3078; x_wconf 88' lang='lat' dir='ltr'><strong>volun-</strong></span> 
     </span>
     <span class='ocr_line' id='line_1_23' title="bbox 773 3122 2973 3213; baseline 0.001 -17"><span class='ocrx_word' id='word_1_157' title='bbox 773 3188 780 3196; x_wconf 93' lang='lat'>.</span> <span class='ocrx_word' id='word_1_158' title='bbox 841 3147 878 3195; x_wconf 60' lang='lat' dir='ltr'><strong>a</strong></span> <span class='ocrx_word' id='word_1_159' title='bbox 943 3137 1052 3203; x_wconf 79' lang='lat' dir='ltr'><strong>tas</strong></span> <span class='ocrx_word' id='word_1_160' title='bbox 1091 3122 1245 3213; x_wconf 88' lang='lat' dir='ltr'><strong>Dei,</strong></span> <span class='ocrx_word' id='word_1_161' title='bbox 1287 3138 1370 3200; x_wconf 84' lang='lat' dir='ltr'><strong>ut</strong></span> <span class='ocrx_word' id='word_1_162' title='bbox 1404 3127 1927 3203; x_wconf 72' lang='lat' dir='ltr'><strong>benefacientes</strong></span> <span class='ocrx_word' id='word_1_163' title='bbox 1966 3125 2453 3199; x_wconf 71' lang='lat' dir='ltr'><strong>obmutescere</strong></span> <span class='ocrx_word' id='word_1_164' title='bbox 2506 3123 2781 3197; x_wconf 78' lang='lat' dir='ltr'><strong>faciatis</strong></span> <span class='ocrx_word' id='word_1_165' title='bbox 2834 3127 2973 3198; x_wconf 87' lang='lat' dir='ltr'><strong>im·-</strong></span> 
     </span>
     <span class='ocr_line' id='line_1_24' title="bbox 843 3245 2975 3341; baseline 0 -23"><span class='ocrx_word' id='word_1_166' title='bbox 843 3271 878 3318; x_wconf 78' lang='lat'><strong>»</strong></span> <span class='ocrx_word' id='word_1_167' title='bbox 935 3247 1398 3341; x_wconf 84' lang='lat' dir='ltr'><strong>prudentium</strong></span> <span class='ocrx_word' id='word_1_168' title='bbox 1479 3249 1841 3323; x_wconf 86' lang='lat' dir='ltr'><strong>hominum</strong></span> <span class='ocrx_word' id='word_1_169' title='bbox 1926 3247 2451 3337; x_wconf 78' lang='lat' dir='ltr'><strong>ignorantiam3</strong></span> <span class='ocrx_word' id='word_1_170' title='bbox 2504 3245 2705 3338; x_wconf 80' lang='lat' dir='ltr'><strong>quasi</strong></span> <span class='ocrx_word' id='word_1_171' title='bbox 2759 3245 2975 3318; x_wconf 88' lang='lat' dir='ltr'><strong>liberi</strong></span> 
     </span>
     <span class='ocr_line' id='line_1_25' title="bbox 843 3351 2975 3462; baseline 0 -24"><span class='ocrx_word' id='word_1_172' title='bbox 843 3391 879 3438; x_wconf 69' lang='lat' dir='ltr'><strong>n</strong></span> <span class='ocrx_word' id='word_1_173' title='bbox 943 3379 1018 3443; x_wconf 89' lang='lat' dir='ltr'><strong>et</strong></span> <span class='ocrx_word' id='word_1_174' title='bbox 1066 3387 1210 3442; x_wconf 84' lang='lat' dir='ltr'><strong>non</strong></span> <span class='ocrx_word' id='word_1_175' title='bbox 1265 3351 1470 3462; x_wconf 71' lang='lat' dir='ltr'><strong>qua&#39;si</strong></span> <span class='ocrx_word' id='word_1_176' title='bbox 1499 3370 1853 3448; x_wconf 77' lang='lat' dir='ltr'><strong>,velamen</strong></span> <span class='ocrx_word' id='word_1_177' title='bbox 1913 3366 2246 3443; x_wconf 81' lang='lat' dir='ltr'><strong>habentes</strong></span> <span class='ocrx_word' id='word_1_178' title='bbox 2300 3365 2611 3441; x_wconf 84' lang='lat' dir='ltr'><strong>malitiae</strong></span> <span class='ocrx_word' id='word_1_179' title='bbox 2674 3365 2975 3438; x_wconf 83' lang='lat' dir='ltr'><strong>liberta-</strong></span> 
     </span>
     <span class='ocr_line' id='line_1_26' title="bbox 843 3471 2075 3577; baseline -0.009 -9"><span class='ocrx_word' id='word_1_180' title='bbox 843 3511 878 3568; x_wconf 74' lang='lat'><strong>»</strong></span> <span class='ocrx_word' id='word_1_181' title='bbox 932 3471 1124 3577; x_wconf 75' lang='lat' dir='ltr'><strong>tem,</strong></span> <span class='ocrx_word' id='word_1_182' title='bbox 1173 3490 1298 3564; x_wconf 86' lang='lat' dir='ltr'><strong>scd</strong></span> <span class='ocrx_word' id='word_1_183' title='bbox 1351 3490 1538 3568; x_wconf 84' lang='lat' dir='ltr'><strong>sicut</strong></span> <span class='ocrx_word' id='word_1_184' title='bbox 1589 3488 1777 3564; x_wconf 87' lang='lat' dir='ltr'><strong>servi</strong></span> <span class='ocrx_word' id='word_1_185' title='bbox 1835 3485 1991 3560; x_wconf 89' lang='lat' dir='ltr'><strong>Dei.</strong></span> <span class='ocrx_word' id='word_1_186' title='bbox 2042 3511 2075 3557; x_wconf 70' lang='lat' dir='ltr'>n</span> 
     </span>
    </p>

    <p class='ocr_par' dir='ltr' id='par_1_5' title="bbox 831 3601 2975 4185">
     <span class='ocr_line' id='line_1_27' title="bbox 943 3601 2975 3704; baseline 0.001 -22"><span class='ocrx_word' id='word_1_187' title='bbox 943 3601 1068 3690; x_wconf 70' lang='lat'><strong>42.</strong></span> <span class='ocrx_word' id='word_1_188' title='bbox 1125 3605 1198 3680; x_wconf 84' lang='lat' dir='ltr'><strong>Si</strong></span> <span class='ocrx_word' id='word_1_189' title='bbox 1255 3623 1522 3695; x_wconf 79' lang='lat' dir='ltr'><strong>autem,</strong></span> <span class='ocrx_word' id='word_1_190' title='bbox 1561 3612 1746 3704; x_wconf 84' lang='lat' dir='ltr'><strong>quod</strong></span> <span class='ocrx_word' id='word_1_191' title='bbox 1797 3611 1971 3682; x_wconf 85' lang='lat' dir='ltr'><strong>utile</strong></span> <span class='ocrx_word' id='word_1_192' title='bbox 2026 3609 2271 3682; x_wconf 84' lang='lat' dir='ltr'><strong>visum</strong></span> <span class='ocrx_word' id='word_1_193' title='bbox 2324 3619 2437 3682; x_wconf 91' lang='lat' dir='ltr'><strong>est</strong></span> <span class='ocrx_word' id='word_1_194' title='bbox 2492 3607 2716 3700; x_wconf 82' lang='lat' dir='ltr'><strong>primo</strong></span> <span class='ocrx_word' id='word_1_195' title='bbox 2752 3605 2975 3684; x_wconf 84' lang='lat' dir='ltr'><strong>Otho-</strong></span> 
     </span>
     <span class='ocr_line' id='line_1_28' title="bbox 831 3727 2968 3822; baseline 0 -20"><span class='ocrx_word' id='word_1_196' title='bbox 831 3747 1204 3807; x_wconf 80' lang='lat' dir='ltr'><strong>manorum</strong></span> <span class='ocrx_word' id='word_1_197' title='bbox 1285 3731 1362 3804; x_wconf 88' lang='lat' dir='ltr'><strong>in</strong></span> <span class='ocrx_word' id='word_1_198' title='bbox 1443 3727 2231 3822; x_wconf 82' lang='lat' dir='ltr'><strong>Constantinopolitana</strong></span> <span class='ocrx_word' id='word_1_199' title='bbox 2294 3731 2465 3801; x_wconf 90' lang='lat' dir='ltr'><strong>urbe</strong></span> <span class='ocrx_word' id='word_1_200' title='bbox 2538 3729 2968 3803; x_wconf 86' lang='lat' dir='ltr'><strong>dominatori</strong></span> 
     </span>
     <span class='ocr_line' id='line_1_29' title="bbox 832 3848 2970 3946; baseline -0.002 -19"><span class='ocrx_word' id='word_1_201' title='bbox 832 3851 1126 3946; x_wconf 82' lang='lat' dir='ltr'><strong>eiusque</strong></span> <span class='ocrx_word' id='word_1_202' title='bbox 1179 3852 1731 3936; x_wconf 85' lang='lat' dir='ltr'><strong>successoribus,</strong></span> <span class='ocrx_word' id='word_1_203' title='bbox 1769 3851 2003 3946; x_wconf 89' lang='lat' dir='ltr'><strong>placet</strong></span> <span class='ocrx_word' id='word_1_204' title='bbox 2042 3851 2257 3924; x_wconf 85' lang='lat' dir='ltr'><strong>civile</strong></span> <span class='ocrx_word' id='word_1_205' title='bbox 2310 3871 2597 3943; x_wconf 88' lang='lat' dir='ltr'><strong>quoque</strong></span> <span class='ocrx_word' id='word_1_206' title='bbox 2653 3848 2970 3923; x_wconf 83' lang='lat' dir='ltr'><strong>officium</strong></span> 
     </span>
     <span class='ocr_line' id='line_1_30' title="bbox 834 3964 2971 4064; baseline -0.001 -18"><span class='ocrx_word' id='word_1_207' title='bbox 834 3981 1050 4064; x_wconf 78' lang='lat' dir='ltr'><strong>atque</strong></span> <span class='ocrx_word' id='word_1_208' title='bbox 1125 3971 1791 4047; x_wconf 79' lang='lat' dir='ltr'><strong>administrationem</strong></span> <span class='ocrx_word' id='word_1_209' title='bbox 1848 3964 2217 4063; x_wconf 80' lang='lat' dir='ltr'><strong>Episcopis</strong></span> <span class='ocrx_word' id='word_1_210' title='bbox 2296 3969 2595 4062; x_wconf 81' lang='lat' dir='ltr'><strong>aliisque</strong></span> <span class='ocrx_word' id='word_1_211' title='bbox 2660 3990 2703 4042; x_wconf 88' lang='lat' dir='ltr'><strong>e</strong></span> <span class='ocrx_word' id='word_1_212' title='bbox 2774 3970 2971 4043; x_wconf 84' lang='lat' dir='ltr'><strong>clero</strong></span> 
     </span>
     <span class='ocr_line' id='line_1_31' title="bbox 833 4085 2971 4185; baseline -0.001 -21"><span class='ocrx_word' id='word_1_213' title='bbox 833 4091 1177 4181; x_wconf 77' lang='lat' dir='ltr'><strong>tribuere,</strong></span> <span class='ocrx_word' id='word_1_214' title='bbox 1231 4113 1368 4166; x_wconf 89' lang='lat' dir='ltr'><strong>non</strong></span> <span class='ocrx_word' id='word_1_215' title='bbox 1419 4093 1686 4166; x_wconf 86' lang='lat' dir='ltr'><strong>idcirco</strong></span> <span class='ocrx_word' id='word_1_216' title='bbox 1742 4091 1949 4185; x_wconf 83' lang='lat' dir='ltr'><strong>plena</strong></span> <span class='ocrx_word' id='word_1_217' title='bbox 2004 4099 2217 4185; x_wconf 83' lang='lat' dir='ltr'><strong>atque</strong></span> <span class='ocrx_word' id='word_1_218' title='bbox 2274 4090 2555 4181; x_wconf 78' lang='lat' dir='ltr'><strong>integra</strong></span> <span class='ocrx_word' id='word_1_219' title='bbox 2602 4085 2971 4164; x_wconf 80' lang='lat' dir='ltr'><strong>Ecclesiae</strong></span> 
     </span>
    </p>
   </div>
   <div class='ocr_carea' id='block_1_5' title="bbox 999 4335 1683 4426">
    <p class='ocr_par' dir='ltr' id='par_1_6' title="bbox 999 4335 1683 4426">
     <span class='ocr_line' id='line_1_32' title="bbox 999 4335 1683 4426; baseline -0.003 -24"><span class='ocrx_word' id='word_1_220' title='bbox 999 4335 1082 4421; x_wconf 76' lang='lat'><strong>(1)</strong></span> <span class='ocrx_word' id='word_1_221' title='bbox 1121 4335 1182 4402; x_wconf 90' lang='lat'><strong>1.</strong></span> <span class='ocrx_word' id='word_1_222' title='bbox 1228 4337 1405 4404; x_wconf 81' lang='lat' dir='ltr'><strong>Pctr.</strong></span> <span class='ocrx_word' id='word_1_223' title='bbox 1451 4336 1534 4402; x_wconf 93' lang='lat'><strong>11.</strong></span> <span class='ocrx_word' id='word_1_224' title='bbox 1580 4335 1683 4426; x_wconf 72' lang='lat'><strong>13.</strong></span> 
     </span>
    </p>
   </div>
   <div class='ocr_carea' id='block_1_6' title="bbox 3260 2705 3262 4094">
    <p class='ocr_par' dir='ltr' id='par_1_7' title="bbox 3260 2705 3262 4094">
     <span class='ocr_line' id='line_1_33' title="bbox 3260 2705 3262 4094; baseline 0 0"><span class='ocrx_word' id='word_1_225' title='bbox 3260 2705 3262 4094; x_wconf 95' lang='lat' dir='ltr'><strong> </strong></span> 
     </span>
    </p>
   </div>
  </div>
 </body>
</html>
