3292 5275
2242 500 2345 581 45

253 666 326 717 ac
390 642 669 714 fidelem
746 640 1424 714 administrationem
1499 642 2011 733 procurandam
2081 642 2347 717 firmius

249 763 760 846 custodiantur,
817 761 1151 833 edicimus
1203 757 1687 835 Patriarcham
1740 782 1884 835 non
1928 784 2133 855 posse
2169 786 2351 838 ven·-

247 886 433 969 derc‚
488 898 616 958 aut
665 881 960 967 donare,
1015 884 1130 956 vel
1185 886 1664 977 oppignorare,
1718 892 1839 956 aut
1870 883 1959 955 de
2003 902 2191 957 novo
2236 886 2351 957 in-

249 1006 551 1091 feudare,
589 1005 706 1077 vel
761 1004 898 1076 alio
951 1024 1394 1097 quocumque
1445 1003 1657 1075 modo
1711 1003 2017 1075 alienare
2072 1023 2353 1096 posses·-

249 1128 482 1197 siones
533 1126 970 1217 pertinentes
1023 1124 1115 1196 ad
1165 1118 1556 1195 Ecclesiam
1597 1123 1717 1197 vel
1752 1144 2066 1196 mensam
2124 1144 2350 1212 suam,

247 1247 396 1319 sive
451 1246 541 1319 ad
597 1243 766 1317 alias
817 1264 1296 1338 quascumque
1332 1244 1679 1316 ecclesias
1730 1246 1847 1316 vel
1882 1246 2039 1317 loca
2092 1246 2209 1337 pia
2244 1246 2351 1319 sui

247 1366 756 1463 patriarchatus
765 1386 792 1453 ;
825 1386 1054 1459 neque
1093 1365 1450 1448 assentiri,
1480 1375 1559 1435 ut
1587 1386 1630 1437 a
1666 1365 1921 1459 quovis
1956 1366 2355 1441 alienentur

249 1488 648 1562 inconsulto
685 1481 1004 1559 Romano
1033 1480 1402 1570 Pontificc,
1431 1484 1628 1559 iuxta
1656 1483 1949 1557 formam
1976 1487 2351 1561 iuramenti

245 1609 434 1703 quod
485 1608 694 1681 electi
746 1601 1197 1679 Patriarchae
1251 1606 1426 1677 ritus
1461 1601 1850 1679 Orientalis
1888 1607 1965 1679 in
2003 1626 2130 1681 sua
2184 1628 2354 1700 pro-

245 1728 560 1802 motione
611 1724 929 1799 emittere
983 1734 1334 1799 tenentur.

457 1842 648 1921 Haec
702 1850 1051 1933 volumus,
1107 1846 1575 1939 praecipimus
1637 1860 1853 1944 atque
1914 1850 2351 1938 mandamus,

247 1972 700 2045 decernentes
738 1969 1018 2042 irritum
1054 1978 1260 2062 atquc
1295 1967 1530 2054 inane,
1572 1972 1632 2043 si
1670 1969 1839 2064 quid
1876 1982 2119 2046 contra
2158 1994 2357 2067 prae-

247 2092 460 2166 missa
498 2113 536 2164 a
575 2090 894 2186 quolibet
929 2090 1186 2184 quavis
1223 2088 1983 2165 auctoritate‘scienter
2012 2094 2129 2167 vel
2160 2095 2359 2185 igno-

247 2226 482 2287 ranter
533 2212 908 2306 contigerit
956 2213 1338 2298 attentari3
1375 2230 1460 2283 ac
1513 2223 1961 2286 reservantes
1996 2208 2243 2301 Nobis,
2280 2227 2357 2289 et

249 2333 778 2409 successoribus
829 2326 1106 2405 Nostris
1161 2354 1244 2405 ea
1301 2333 1376 2403 in
1431 2342 1791 2426 posterum
1828 2336 2134 2421 sancire,
2174 2358 2357 2431 quac

235 2456 322 2529 in
357 2465 746 2527 memorato
781 2448 1256 2545 Babylonensi
1285 2452 1761 2545 patriarchatu
1786 2474 1915 2547 pro
1942 2464 2355 2548 temporum,

248 2576 594 2661 locorum,
635 2596 718 2648 ac
757 2591 1214 2668 personarum
1251 2572 1646 2646 rationibus
1682 2574 1903 2667 magis
1942 2576 2015 2648 in
2060 2572 2359 2652 Domino

247 2697 582 2789 expedire
637 2696 1152 2789 dignoscantur.

461 2813 918 2890 Decernimus
957 2837 1238 2910 quoque
1277 2827 1685 2909 praesentes
1722 2811 2015 2892 Nostras
2054 2813 2359 2892 Litteras

249 2957 526 3030 semper
575 2947 652 3008 et
704 2937 1284 3030 quandocumque
1356 2935 1630 3008 validas
1688 2947 1758 3009 ct
1810 2939 2127 3012 efficaces
2180 2938 2357 3025 fore,

248 3077 556 3150 suosque
615 3057 962 3148 plenarios
1015 3057 1304 3130 effectus
1357 3057 1598 3130 sortiri
1652 3069 1727 3130 et
1782 3058 2124 3146 obtinere,
2160 3071 2233 3131 et
2268 3060 2360 3134 ab

249 3177 578 3254 omnibus
633 3179 718 3250 ad
771 3199 946 3271 quos
999 3185 1274 3269 spectat
1307 3177 1807 3251 inviolabiliter
1844 3179 2203 3253 observari
2239 3181 2361 3253 de-

249 3305 470 3388 bere3
525 3298 692 3392 quin
745 3300 890 3372 ullo
929 3319 1261 3392 umquam
1299 3311 1610 3392 tempore
1647 3322 1733 3373 ex
1768 3321 2207 3396 quocumque
2242 3321 2364 3373 ca-

251 3425 396 3515 pite
457 3422 574 3496 vel
627 3441 840 3495 causa
893 3420 982 3492 de
1037 3419 1508 3513 subreptionis
1562 3424 1683 3495 vel
1756 3421 2181 3514 obreptionis
2235 3435 2361 3496 aut

251 3541 600 3617 nullitatis
652 3540 855 3626 vitio,
911 3542 1028 3613 vel
1081 3541 1168 3614 de
1219 3537 1516 3614 Nostrae
1589 3541 2003 3615 intentionis
2082 3541 2360 3616 defectu

251 3663 486 3738 notari
541 3675 670 3736 aut
721 3663 1113 3756 impugnari
1186 3663 1500 3754 possint3
1553 3663 1793 3756 sicque
1848 3673 1922 3736 et
1977 3683 2119 3736 non
2182 3663 2361 3736 alias

253 3807 380 3878 per
437 3804 916 3878 quoscumque
993 3783 1262 3856 iudices
1343 3783 1739 3856 ordinarios
1788 3785 1907 3856 vel
1978 3784 2362 3876 delegatos,

251 3905 510 3998 quavis
553 3901 988 3978 auctoritate
1041 3904 1444 3994 fungentes,
1477 3903 1773 3978 iudicari
1818 3913 1894 3976 et
1929 3903 2203 3978 definiri
2240 3906 2367 3978 de-

259 4026 464 4107 bere,
515 4025 798 4099 sublata
853 4025 960 4096 eis
1011 4034 1084 4096 et
1119 4045 1362 4099 eorum
1414 4025 1701 4097 cuilibet
1744 4023 1992 4118 quavis
2026 4023 2365 4101 facultate

251 4145 465 4222 aliter
515 4144 875 4218 iudicandi
927 4153 998 4217 ct
1051 4143 1584 4239 interpretandi.

469 4261 626 4344 Non
663 4267 1108 4346 obstantibus
1159 4262 1410 4344 Nostra
1445 4279 1520 4344 et
1553 4265 2028 4345 Cancellariae
2062 4261 2363 4344 Nostrae
