3292 5275
2263 493 2413 579 197

294 647 781 731 permxemnt.
833 630 991 724 Quo
1044 638 1118 707 in
1175 635 1461 709 crimine
1544 655 1978 730 summopere
2031 637 2353 711 dolemus
2391 688 2412 726 ,

295 756 771 830 saecularibus
827 754 1085 849 aliquot
1140 754 1611 829 sacerdotibus
1670 754 2073 842 accessisse,
2129 778 2212 829 ex
2265 749 2416 831 Mo·-

293 875 535 952 nacbis
586 872 1185 968 Constantinopoli
1240 874 1654 970 degentibus
1689 924 1710 960 ,
1769 878 1914 949 fere
1971 893 2210 949 omnes
2265 875 2418 951 Me·-

293 996 695 1069 chitaristas
730 991 1035 1069 Venetae
1072 994 1682 1090 CongregationiS,
1741 996 2244 1091 universosque
2272 994 2388 1071 Mo

294 1117 555 1190 naeltos
590 1114 1038 1205 Antonianos;
1096 1138 1222 1189 nec
1261 1117 1351 1188 ab
1386 1115 1682 1189 istorum
1719 1115 1996 1211 ingenio
2043 1116 2413 1193 admodum

290 1237 729 1331 discrepasse
808 1236 923 1330 qui
994 1238 1173 1309 banc
1226 1230 1553 1313 Nostram
1608 1238 1916 1309 incolunt
1990 1238 2254 1309 urbem.
2323 1232 2414 1311 lii

288 1356 485 1429 enim
562 1375 697 1429 non
768 1356 973 1429 modo
1044 1356 1451 1429 restiterunt
1524 1355 1902 1429 visitationi
1969 1354 2411 1450 Apostolieae

288 1496 539 1549 eorum
584 1472 833 1550 domus
912 1498 953 1549 a
1029 1471 1241 1549 Nobis
1292 1476 1755 1549 demandatae
1791 1525 1812 1561 ,
1865 1478 2082 1550 sicuti
2163 1480 2410 1552 fratres

290 1616 545 1671 eorum
580 1596 651 1668 in
686 1592 1008 1681 Oriente,
1050 1591 1437 1690 pluriesque
1478 1596 1774 1689 priorem
1830 1610 1902 1670 et
1941 1598 2228 1671 altemm
2271 1600 2412 1672 ele·-

288 1726 485 1788 etum
538 1712 981 1799 visitatorem
1034 1718 1453 1804 reiecerunt3
1506 1718 1629 1789 sed
1685 1735 1928 1789 omues
1955 1764 1978 1804 ,
2029 1716 2229 1793 -nulla
2289 1738 2412 1812 pe·

286 1834 425 1909 tita
476 1833 712 1922 venia,
765 1856 841 1909 se
894 1834 1364 1911 subduxerunt
1403 1830 1643 1909 Nobis.
1701 1832 1893 1927 Quos
1949 1840 2140 1911 inter
2191 1840 2406 1915 etiam

288 1950 727 2029 Venerabilis
780 1952 1027 2029 Frater
1076 1952 1399 2029 Placidus
1454 1953 1848 2049 Kasangian
1881 2006 1904 2043 ,
1981 1961 2100 2052 qui
2155 1956 2412 2033 Antio-

286 2077 557 2148 chenae
636 2072 987 2149 Ecclesiae
1061 2075 1263 2151 titulo
1344 2090 1790 2150 consecratus
1873 2075 2409 2174 Congregationi

290 2198 421 2271 toti
477 2196 619 2269 iam
672 2198 1097 2290 praefuerat,
1148 2200 1513 2273 immemor
1568 2200 1884 2291 profecto
1939 2199 2244 2273 muneris
2294 2201 2402 2273 sui

284 2328 363 2389 et
414 2336 871 2391 censurarum
926 2314 1306 2412 Episcopus
1362 2317 1756 2411 urgentium
1781 2367 1806 2402 ,
1861 2318 1976 2413 qui
2005 2366 2028 2405 ,
2079 2338 2220 2392 non
2275 2321 2406 2395 im·-

286 2448 567 2531 petrata
600 2434 967 2511 Pontificia
1002 2436 1209 2511 venia
1246 2435 1628 2511 Concilium
1666 2439 2014 2526 deserant,
2057 2440 2402 2513 discessit.

504 2553 757 2631 Verum
814 2558 957 2653 ipsa
1020 2558 1377 2633 rebellium
1433 2560 1834 2653 pervicacia
1865 2608 1888 2646 ,
1943 2571 2262 2655 artesque
2318 2560 2407 2633 ad

284 2677 729 2752 concitandos
766 2681 1031 2753 animos
1094 2677 1441 2752 adhibitae
1496 2679 1985 2772 pretiosiorem
2037 2677 2249 2754 Nobis
2304 2683 2410 2754 fa-

284 2799 485 2874 ciunt
534 2811 609 2871 et
636 2801 1111 2875 iucundiorem
1152 2798 1617 2893 plurimorum
1665 2799 2093 2885 firmitatem,
2118 2801 2238 2894 qui
2283 2823 2406 2872 nec

281 2917 581 3004 insidiis,
604 2941 729 2994 nec
757 2921 1139 3007 blanditiis,
1160 2937 1292 2992 nec
1320 2918 1523 2993 minis
1567 2920 1656 2992 ab
1697 2921 2028 3014 obsequio
2083 2915 2402 3005 Nostrae,

279 3037 773 3136 legitimaeque
826 3041 1225 3113 auctoritati
1298 3039 1539 3114 debito
1576 3061 1668 3112 -se
1723 3041 1975 3114 abduci
2061 3041 2402 3116 siverunt.

278 3155 477 3249 Quos
512 3159 692 3234 inter
726 3161 1301 3235 commendandos
1340 3159 1740 3233 nominatim
1769 3178 2134 3234 censemus
2153 3157 2408 3235 Mecbi‘-

278 3281 565 3354 taristas
615 3275 1153 3355 vindobonensis
1190 3276 1791 3371 congregationis,
1819 3280 1935 3374 qui
1984 3279 2404 3374 deploranda

274 3401 575 3475 aliorum
610 3402 999 3474 defectione
1038 3402 1323 3472 minime
1358 3399 1804 3486 labefactati,
1843 3402 2108 3484 immoti
2150 3405 2406 3495 persti-

278 3532 521 3606 terunt
560 3521 913 3594 iti-officio.
968 3517 1159 3596 Hace
1196 3541 1362 3594 vero
1418 3529 1521 3592 tot
1568 3522 1844 3613 piorum
1899 3521 2290 3593 constantia
2331 3522 2402 3594 in

272 3654 477 3718 tanto
512 3641 903 3715 discrimine
934 3641 1177 3714 merito
1214 3635 1429 3712 Nobis
1468 3659 1666 3734 spem
1695 3640 1864 3713 iacit
1901 3661 2056 3726 voe,
2096 3637 2404 3715 Dilectus

272 3760 523 3850 Filios,
582 3761 881 3835 humano
932 3761 1179 3857 quovis
1234 3769 1557 3853 respectu
1611 3760 2012 3854 posthabito
2037 3811 2062 3848 ‚
2115 3773 2404 3834 strenue

270 3896 673 3960 sectaturus
724 3903 877 3958 esse
932 3883 1195 3955 nobilia
1252 3894 1526 3975 patrum
1584 3891 1993 3955 vestrorum
2050 3881 2347 3978 vestigia
2381 3927 2404 3968 ,

268 4007 391 4102 qui
447 4004 649 4077 fldem
724 4021 918 4078 suam
1000 3997 1239 4076 fluxis*
1258 4000 1451 4074 hisce
1517 3998 1992 4093 praeferentes
2023 4049 2046 4087 ,
2109 4001 2404 4077 exilium

268 4127 506 4219 potius
544 4136 615 4197 et
648 4144 895 4218 aspera
930 4143 1255 4218 quaeque
1296 4122 1740 4215 pertulerunt
1783 4124 2139 4209 alacriter,
2193 4143 2402 4219 quam

272 4245 609 4319 infirmari
662 4255 1067 4338 paterentur
1124 4240 1623 4316 coniunctionis
1681 4263 1846 4320 suae
1909 4242 2190 4317 vincula
2241 4265 2400 4316 cum

268 4367 399 4440 boe
458 4363 750 4439 unitatis
804 4363 1190 4444 catholicae
1228 4373 1512 4450 centro,
1538 4369 1676 4435 aut
1701 4360 2074 4459 quidquam
2125 4361 2400 4438 detrahi
