3292 5275
797 431 851 510 4

792 571 1155 666 utriusque
1210 573 1505 664 gloriam
1540 593 1616 646 os
1657 573 1988 665 adeptus,
2023 595 2182 651 cum
2239 575 2494 649 tuendo
2551 575 2910 669 religionis

793 701 867 765 et
896 691 1207 767 iustitiae
1246 714 1562 778 causam,
1604 703 1756 766 tum
1795 695 2162 769 subeundo
2201 698 2524 770 exiliumt
2556 696 2682 769 sed
2717 698 2908 770 beati

793 813 919 908 qui
956 813 1515 904 persecutionem
1569 814 1929 910 patiuntur
1977 825 2264 909 propter
2311 815 2694 904 ,iustitiam-ff
2715 801 2920 906 Qua-

793 933 1107 1004 mobrem
1158 934 1395 1009 minus
1434 934 1746 1008 dolemus
1785 957 2156 1008 aerumnas
2219 949 2397 1025 tuas,
2419 959 2626 1030 quam
2676 949 2911 1031 gratu·-

794 1051 1023 1126 lamur
1062 1053 1470 1142 calumniaS,
1527 1056 1698 1142 vim,
1737 1056 2196 1148 ignominiam
2232 1078 2360 1149 pro
2409 1053 2694 1130 Christo
2735 1059 2912 1130 tole-

794 1188 1005 1252 ratas.
1038 1173 1342 1250 Strenue
1398 1176 1720 1270 pugnasti
1773 1179 2116 1251 hactenus
2141 1199 2166 1264 ς
2213 1176 2540 1249 alacriter
2595 1198 2906 1270 pugnare

795 1320 1005 1394 perge
1062 1299 1147 1371 ab
1202 1297 1353 1392 ipso
1410 1297 1617 1370 exilio
1685 1309 1838 1389 tuo,
1889 1299 1992 1370 uti
2058 1294 2434 1386 EusebiuS,
2489 1291 2913 1393 Chrysosto-

795 1446 983 1506 mus,
1024 1426 1280 1520 aliique
1319 1426 1603 1516 plurimi
1646 1430 2068 1500 sanctissimi
2111 1422 2467 1521 Episcopi,
2513 1429 2909 1521 spirituque

797 1569 1130 1639 praesens
1204 1548 1390 1642 gregi
1445 1558 1595 1635 tuo,
1657 1569 1695 1619 a
1750 1571 1891 1643 quo
1973 1549 2371 1622 abstractus
2451 1548 2682 1634 fuisti,
2751 1568 2912 1621 eum

796 1671 1062 1761 erigere
1099 1671 1463 1743 contende.
1503 1667 1695 1743 Bono
1733 1684 1887 1744 esto
1927 1673 2164 1743 animo
2196 1695 2218 1742 t
2275 1665 2712 1744 Dominicam
2751 1693 2912 1764 pas-

797 1792 1068 1864 sionem
1107 1791 1639 1864 resurrectionis
1695 1794 1916 1884 gloria
1971 1803 2270 1885 sequuta
2326 1794 2464 1866 fuit
2491 1813 2518 1878 3
2575 1813 2716 1864 non
2773 1793 2910 1864 alia

798 1915 1108 2009 profecto
1146 1935 1293 1986 sors
1330 1933 1615 1987 manere
1655 1923 1887 2005 potest
1926 1909 2318 1986 Ecclesiam
2331 1934 2356 2000 ;
2387 1914 2528 1985 imo
2558 1933 2642 1985 eo
2681 1913 2912 2005 splen-

796 2034 1137 2110 didiorem
1192 2037 1347 2125 ipsa
1396 2035 1832 2125 triumphum
1885 2045 2266 2127 expectare
2293 2033 2536 2118 dehet.
2569 2056 2710 2127 quo
2749 2033 2908 2104 diu-

800 2156 1092 2230 turniori
1133 2168 1205 2228 et
1241 2155 1585 2226 acerbiori
1624 2155 2074 2227 insectationi
2117 2156 2247 2225 fuit
2283 2155 2605 2227 obnoxia.
2647 2151 2912 2246 Excipe

800 2280 1085 2351 interim
1166 2277 1668 2369 gratulationes
1731 2271 2020 2350 Nostras
2077 2285 2150 2348 et
2207 2273 2442 2348 omina
2525 2278 2914 2370 sospitatis,

800 2399 1178 2481 firmitatis,
1218 2401 1534 2470 caelestis
1583 2395 1845 2481 auxilii,
1879 2399 2536 2491 cumulatorumqne‘
2575 2419 2915 2490 superno·

802 2543 957 2594 rum
996 2537 1397 2598 munerum,
1432 2530 1738 2612 quorum
1775 2517 2128 2611 auspicem
2163 2537 2319 2590 esse
2353 2519 2680 2592 volumus
2719 2513 2916 2610 Apo·

801 2645 1117 2717 stolieam
1152 2639 1760 2725 Benedictionem,
1797 2657 2010 2735 quam
2065 2640 2220 2726 tihi,
2261 2633 2700 2722 Venerabilis
2739 2635 2922 2711 Fra-

804 2778 936 2849 ter,
975 2758 1314 2857 Cleroque
1362 2773 1443 2833 et
1495 2762 1756 2855 populo
1812 2772 1937 2833 tuo
1993 2762 2126 2833 toti
2173 2770 2608 2852 peramanter
2645 2762 2926 2854 imper-2·

804 2886 1033 2959 timus.

1013 3008 1273 3083 Datum
1308 3004 1573 3079 Romae
1628 3007 1817 3100 apud
1872 3000 1946 3077 S.
1987 3000 2278 3077 Petrum
2335 3006 2452 3077 dio
2487 2998 2562 3077 ὦ.
2608 3002 2915 3079 Ianuarii

800 3128 1014 3205 Auno
1052 3122 1281 3207 1879..
1320 3126 1786 3201 Pontificatus
1823 3122 2062 3200 Nostri
2097 3124 2300 3199 Anno
2328 3122 2912 3201 vicesimosexto.·

1572 3364 1782 3443 Plvs
1834 3366 1973 3443 PP.
2033 3365 2154 3441 lx.
