3292 5275
870 608 1193 701 vilegiata
1251 628 1333 679 ae
1388 607 1682 699 speciali
1723 620 1888 679 nota
1943 606 2152 697 digna
2201 604 2611 697 impugnari,
2653 604 2992 676 invalida-

872 730 961 809 ri,
1018 722 1327 817 infringi,
1384 726 1757 811 retardari,
1813 739 1935 798 aut
1989 724 2276 812 irritari,
2331 726 2416 795 ad
2469 726 2664 795 viam
2715 735 2789 795 et
2841 735 2994 797 ter-

868 847 1095 919 minos
1148 846 1323 917 iuris
1383 844 1629 919 reduci
1663 893 1689 932 ‚
1743 865 1870 917 nec
1925 846 2267 918 adversus
2341 845 2498 915 illas
2553 845 2698 916 oris
2759 844 2986 935 aperi-

870 965 1156 1048 tionem,
1214 976 1341 1038 aut
1416 964 1601 1037 aliud
1686 968 2178 1059 quodcumque
2235 965 2406 1037 iuris
2471 964 2590 1035 vel
2653 962 2818 1036 laeti
2876 984 2994 1035 re·-

865 1088 1199 1171 medium,
1228 1086 1435 1159 etiam
1474 1108 1565 1159 ex
1602 1089 1836 1179 eapite
1872 1086 2211 1158 laesionis
2249 1082 2726 1179 quamtumvis
2779 1104 2994 1163 enor-

866 1210 999 1281 mis
1051 1219 1123 1279 et
1176 1210 1718 1281 enormissimae
1748 1255 1769 1291 ,
1829 1207 1942 1281 vel
1997 1206 2505 1299 cuiuscumque
2586 1204 2990 1297 praeiudicii

868 1328 1255 1423 impetrari,
1314 1348 1399 1401 ae
1452 1330 1667 1401 etiam
1725 1338 1921 1401 motu
1977 1338 2050 1403 et
2105 1325 2472 1419 potestatis
2549 1322 2984 1416 plenitudine

868 1449 1217 1523 similibus
1273 1467 1393 1542 per
1446 1469 1924 1542 quoscumque
1961 1442 2322 1522 Romanos
2375 1441 2760 1523 Pontifices
2813 1440 2992 1518 Suc-

865 1588 1175 1645 sessores
1211 1564 1499 1645 Nostros
1534 1568 2062 1661 quomodolibet
2099 1576 2352 1640 eontra
2389 1567 2766 1658 praemissa
2819 1586 2992 1638 con-

867 1702 1151 1763 cessum
1204 1689 1581 1783 aoeeptari,
1620 1709 1704 1761 ae
1757 1687 1828 1761 in
1885 1686 2150 1761 iudicio
2205 1697 2280 1758 et
2331 1697 2538 1759 extra
2591 1684 2770 1759 illud
2820 1688 2992 1758 alle-

867 1811 1041 1902 gari,
1096 1808 1405 1889 deduci,
1457 1820 1577 1881 aut
1631 1808 1800 1881 alias
1885 1808 2006 1883 illo
2088 1804 2618 1901 quomodolibet
2677 1808 2782 1877 uti
2839 1826 2984 1880 non

864 1947 1101 2025 posse3
1150 1932 1321 2024 quin
1374 1932 1517 2003 imo
1554 1932 1782 2005 omnia
1819 1942 1894 2003 et
1941 1928 2216 2020 singula
2270 1928 2650 2021 praemissa
2707 1946 2990 2021 semper

863 2063 937 2123 st
988 2060 1337 2143 perpetuo
1383 2048 1613 2134 firma,
1655 2051 1896 2125 valida
1931 2060 2004 2123 et
2039 2046 2351 2123 effleaoia
2403 2049 2744 2136 existere,
2785 2070 2990 2123 suos-

862 2190 1003 2266 que
1058 2172 1409 2263 plenarios
1460 2182 1535 2243 et
1588 2172 1900 2263 integros
1955 2167 2253 2243 effeetus
2307 2168 2550 2241 sortiri
2585 2182 2664 2241 et
2713 2169 2990 2243 obtine-

866 2310 972 2377 re3
1026 2290 1285 2384 illaque
1338 2290 1467 2363 sub
1550 2292 1882 2365 similium
1949 2290 2336 2384 gratiarum
2390 2286 2984 2375 revocationibuS,

862 2412 1457 2505 suspensionibus
1485 2458 1511 2493 ,
1566 2410 2133 2497 limitationibus,
2188 2407 2764 2501 derogationibus
2787 2456 2809 2495 ,
2865 2422 2990 2482 aut

866 2531 1022 2605 aliis
1078 2534 1448 2606 contrariis
1496 2528 2076 2627 dispositionibus
2125 2532 2346 2609 etiam
2381 2530 2989 2604 consistorialibus

864 2653 1153 2727 minime
1206 2655 1740 2748 comprehendi,
1793 2675 1926 2728 nee
1983 2653 2488 2746 comprehensa
2549 2651 2786 2746 aliquo
2837 2673 2992 2724 mo·-

867 2775 957 2849 do
1012 2774 1339 2860 censeri,
1396 2777 1523 2848 sed
1580 2795 1854 2870 semper
1906 2776 1998 2848 ab
2053 2773 2190 2846 illis
2247 2770 2470 2866 exeipi
2503 2821 2526 2858 ,
2579 2783 2658 2845 et
2708 2773 2990 2866 quoties
3053 2771 3058 2774 ’

866 2897 1029 2968 illae
1082 2897 1473 2982 manabunt,
1512 2895 1720 2970 toties
1774 2895 1845 2968 in
1901 2896 2281 2988 pristinum
2335 2907 2410 2966 et
2463 2893 2986 2967 validissimum

864 3025 1130 3088 statum
1186 3017 1506 3089 restituta
1534 3065 1557 3102 ,
1616 3019 1927 3109 reposita
1989 3026 2064 3088 et
2119 3013 2436 3109 plenarie
2492 3015 2931 3105 reintegrata
2963 3063 2986 3100 ,

864 3157 947 3208 ae
998 3137 1085 3209 de
1138 3157 1323 3209 novo
1372 3139 1589 3210 etiam
1671 3138 1802 3212 sub
1881 3155 2328 3230 quacumque
2383 3131 2749 3226 posteriori
2815 3133 2986 3208 data

862 3258 1457 3352 quandocumque
1494 3257 1816 3348 eligenda
1853 3273 2182 3330 ooneessa
2219 3273 2374 3327 esse
2409 3265 2486 3326 et
2519 3254 2699 3340 form
2743 3254 2986 3346 sieque

862 3389 937 3451 et
990 3396 1133 3450 non
1189 3375 1357 3450 alias
1414 3397 1541 3470 per
1595 3395 2078 3471 quoscumque
2121 3371 2396 3448 ludices
2429 3367 2838 3446 ordinarios
2875 3373 2988 3446 vel

714 3573 729 3588 ‚
861 3493 1243 3589 Delegatos
1298 3497 1559 3590 quavis
1612 3499 2042 3570 auctoritate
2096 3497 2496 3586 fungentes,
2551 3494 2766 3567 etiam
2819 3514 2990 3567 oau-

862 3639 1100 3691 sarum
1153 3612 1413 3690 Palatii
1450 3614 1832 3710 Apostollei
1869 3615 2289 3703 AuditoreS,
2345 3629 2470 3689 aut
2521 3610 2812 3692 Sanctae
2851 3611 2992 3688 Ro-

861 3757 1108 3812 manae
1164 3729 1527 3814 Eoolesiae
1568 3736 2008 3823 cardinales,
2073 3736 2292 3809 etiam
2347 3735 2438 3809 de
2491 3739 2714 3808 latere
2769 3733 2993 3832 Lega-

861 3865 974 3929 tos
1006 3907 1031 3945 ,
1080 3855 1449 3952 dictaeque
1522 3855 1726 3931 Sedis
1780 3854 2121 3941 NuneioS,
2193 3877 2272 3929 ao
2357 3854 2524 3929 alios
2607 3877 2994 3951 quoscum-

860 3997 999 4070 que
1052 3977 1305 4069 quavis
1358 3977 1804 4063 aneton-itate,
1843 3985 2223 4072 potestate,
2281 3977 2799 4070 praerogativa,
2857 3979 2990 4051 ho-

862 4115 1035 4168 nore
1086 4106 1163 4170 et
1214 4099 1756 4188 praeeminentia
1810 4098 2187 4188 fulgentes,
2225 4097 2520 4171 iudicari
2573 4107 2650 4174 et
2703 4097 2986 4176 definiri

866 4215 1177 4301 debere,
1235 4227 1307 4289 et
1363 4216 1710 4313 quidquid
1774 4235 1986 4312 super
2045 4217 2158 4290 bis
2223 4239 2262 4288 a
2323 4237 2676 4312 quoquam
2737 4216 2990 4311 quavis
