3292 5275
890 472 1045 558 118

888 618 1152 702 sanxit,
1208 614 1674 691 confirmavit.
1735 610 1876 689 Nos
1925 616 2052 709 qui
2107 628 2234 707 pro
2287 608 2540 691 Nostro
2595 610 3002 709 Apostolico

888 756 1175 811 munere
1230 739 1553 809 decorem
1608 736 1862 811 domus
1917 730 2046 809 Dei
2119 754 2396 826 augere,
2449 745 2524 807 et
2579 735 3002 831 amplificare

890 877 1272 953 numquam
1324 856 1753 941 destitimuS,
1809 854 1986 928 nulli
2053 875 2320 941 curae,
2356 854 2672 949 nullique
2725 856 3006 949 impen-

886 998 1005 1051 sae
1061 977 1485 1072 parcendum
1538 998 1694 1051 esse
1748 976 2109 1062 duximuS,
2167 986 2246 1047 ut
2301 986 2580 1049 veteres
2653 972 3002 1051 Basilieae

886 1099 1165 1193 aliaque
1201 1098 1417 1172 huius
1450 1092 1665 1171 Urbis
1704 1098 1966 1189 templa
2012 1096 2132 1171 vel
2171 1117 2362 1171 sacra
2399 1098 2848 1192 antiquitate,
2885 1100 3004 1173 vel

890 1218 1364 1313 pulcritudine
1402 1218 1625 1309 magis
1663 1216 1968 1309 insignia
2007 1228 2532 1310 repararentur,
2567 1238 3004 1293 exornaren-

889 1350 1032 1413 tur.
1088 1334 1365 1433 Cuique
1421 1348 1643 1432 patet,
1685 1357 1775 1412 ne
1835 1337 1923 1411 de
1983 1332 2471 1426 Lateranensi,
2514 1333 2885 1424 Vaticana,
2925 1353 3004 1415 et

890 1452 1199 1532 Ostiensi
1234 1454 1557 1531 Basilieis
1594 1458 1996 1552 loquamur,
2051 1467 2320 1552 quanta·
2352 1459 2428 1531 in
2463 1454 2772 1545 Basilica
2819 1456 3004 1533 San·-

888 1589 1042 1653 ctae
1096 1572 1361 1651 Mariae
1414 1579 1491 1651 in
1550 1572 2068 1651 Transtiberim
2129 1588 2208 1653 et
2261 1578 2332 1650 in
2397 1572 2702 1657 Sanctae
2765 1574 3003 1672 Agne-

892 1699 985 1773 tis
1020 1693 1105 1768 V.
1146 1692 1244 1771 M.
1284 1709 1358 1771 et
1394 1692 1633 1773 Sancti
1691 1692 2058 1771 Laurentii
2106 1692 2400 1773 Levitae
2435 1692 2766 1791 Martyris
2801 1710 3000 1775 extra

888 1817 1157 1891 moenia
1194 1814 1523 1893 Basiliois
1561 1817 2006 1913 gesserimus·
2064 1813 2278 1893 Immo
2313 1816 2575 1911 optimo
2611 1830 2690 1893 et
2723 1821 3004 1915 sapien-

892 1940 1162 2015 tissimo
1208 1934 1357 2013 Deo
1395 1938 1617 2031 gloria
1653 1932 1872 2010 Nobis
1909 1948 2016 2013 est
2054 1938 2455 2027 tribuenda,
2493 1940 2684 2033 quod
2721 1939 3000 2015 animus

892 2054 1142 2159 Noster
1174 2060 1487 2133 maxima
1538 2058 2023 2134 consolatione
2077 2056 2372 2131 affectus
2402 2057 2643 2145 ruerit,
2691 2081 2850 2134 cum
2887 2082 3004 2135 oe-

895 2191 1083 2253 teros
1112 2178 1672 2274 perspexerimus
1707 2179 1832 2271 qui
1863 2172 2120 2251 Nostro
2149 2180 2468 2273 exemplo
2497 2190 2571 2255 et
2597 2189 2848 2255 mutua
2883 2200 3004 2253 ae-

890 2297 1271 2373 mulatione
1324 2300 1615 2373 excitati
1673 2318 1853 2390 pene
1907 2300 2142 2371 omnia
2195 2298 2406 2375 huius
2486 2296 2693 2373 Urbis
2747 2300 3003 2396 templa

893 2421 1185 2516 pristino
1262 2420 1500 2495 decori
1566 2440 1892 2515 novoque
1961 2418 2312 2513 splendori
2381 2421 2812 2498 restituenda
2875 2443 3006 2497 cu-

890 2552 1157 2617 rarunt.
1210 2536 1427 2635 Atqui
1484 2540 1734 2613 nativo
1790 2560 2027 2613 amore
2083 2542 2160 2613 in
2215 2534 2594 2635 Deiparam
2653 2538 3006 2618 Immacu-

888 2661 1108 2738 latam
1145 2661 1619 2756 rapiebamur,
1659 2662 1873 2755 eique
1906 2659 2362 2746 certafilialis
2392 2661 2820 2748 devotionis,
2855 2682 3002 2756 qua

894 2803 1171 2876 semper
1206 2803 1365 2856 eam
1402 2781 1806 2875 prosequuti
1865 2780 2159 2864 fui-mus,
2199 2793 2610 2873 argumenta
2665 2783 3003 2876 praebere

894 2913 1217 2996 optantes
1268 2897 1561 2976 Nostrae
1616 2901 2084 2992 cogitationes
2121 2901 2577 2995 praecipuum
2613 2900 2680 2974 in
2715 2903 3002 2976 modum

898 3023 975 3098 in
1023 3019 1399 3096 Basilicam
1461 3031 1918 3094 memoratam
1985 3016 2292 3097 Sanctae
2373 3015 2632 3096 Mariae
2715 3016 3002 3098 Maioris

840 3139 845 3142 ’
892 3140 1395 3217 convertimus.
1454 3136 1768 3235 Namque
1823 3141 2065 3234 paucis
2139 3139 2392 3217 abhinc
2465 3140 2663 3218 annis
2739 3162 3004 3218 novum

894 3257 1349 3344 Catabasium
1401 3281 1529 3339 seu
1580 3255 2132 3348 confessionem,
2173 3273 2252 3335 ut
2291 3263 2364 3367 in
2403 3262 2830 3354 pervetustis
2865 3257 3005 3334 Ba-

894 3385 1115 3456 silicis
1150 3382 1365 3462 moris
1401 3392 1540 3465 est,
1580 3379 1768 3456 omni
1821 3401 2242 3456 marmorum
2281 3402 2562 3475 genere,
2601 3403 2785 3478 quae
2819 3403 3002 3476 ,pre-

896 3504 1183 3578 tiosiora
1260 3515 1451 3588 sunt,
1509 3503 1830 3594 picturis,
1885 3501 2178 3597 aliisque
2255 3505 2692 3579 ornamentis
2762 3508 3004 3586 extrui

894 3633 1134 3699 nostro
1188 3645 1349 3697 aere
1405 3623 1756 3698 iussimus.
1798 3617 2072 3697 Deinde
2109 3645 2270 3696 cum
2325 3625 2415 3698 ad
2471 3619 2614 3698 Nos
2655 3624 3006 3718 perlatum

890 3746 1163 3828 fuisset,
1202 3739 1599 3837 Cappellam
1636 3743 1722 3814 ad
1761 3737 2114 3838 Praesepe
2150 3740 2432 3818 Domini
2493 3765 2534 3820 a
2589 3765 2735 3820 rec.
2793 3765 3002 3818 mem.

894 3859 1097 3938 Sixto
1151 3859 1233 3936 V.
1272 3863 1629 3939 conditam
1685 3865 1758 3936 in
1795 3883 1882 3936 eo
1917 3874 2112 3940 statu
2149 3865 2445 3953 versari,
2484 3877 2565 3942 ut
2615 3867 3008 3959 proximum

894 3987 1077 4062 tanti
1133 3983 1361 4078 operis
1433 3981 1786 4058 excidium
1871 3987 2510 4076 pertimescendum
2591 3996 2806 4070 esset,
2863 4007 3008 4060 non

894 4105 1411 4199 acquievimus,
1469 4105 1698 4178 donec
1753 4125 1798 4176 a
1852 4099 2070 4178 Nobis
2127 4107 2494 4200 provisum
2543 4105 2822 4188 fuisset,
2863 4127 3008 4200 qua

896 4225 1165 4300 ratione
1248 4225 1685 4319 impendenti
1765 4223 2080 4302 iacturae
2139 4247 2508 4306 occurrere
2573 4225 3004 4300 valeremus.

898 4339 1123 4423 Porro
1172 4347 1390 4422 etiam
1458 4347 1744 4422 saeculo
1791 4348 2036 4440 ,elapso
2087 4355 2390 4430 exeunte
2446 4347 2532 4420 ad
2587 4368 2732 4422 sac.
2791 4365 3004 4422 mem.
