3292 5275
406 626 533 691 que
560 608 639 671 ad
670 608 921 671 clerum
954 622 1031 669 ac
1056 608 1368 689 populum
1407 606 1598 671 Ritus
1626 606 1909 671 Armenii
1939 636 2040 667 ·--.
2059 604 2272 683 Quar-

404 712 505 767 tus
560 722 753 783 supra
808 698 1175 780 viqesimum
1222 734 1303 747 --
1354 702 1455 774 die
1505 699 1547 765 6
1597 702 1895 763 ianuarii.
1941 699 2272 777 Quantum
2313 724 2323 737 ·

403 796 613 857 adhuc
650 794 1124 869 adlaboraverit
1152 794 1635 857 acl-Armenium
1676 796 1948 860 schisma
1992 794 2292 873 compi-i·-

406 889 699 950 mendum
744 887 1043 949 brevibus
1070 894 1401 950 memorat.
1449 886 1622 950 Utin
1653 896 1882 968 coepto
1917 889 2130 965 instet,
2167 884 2264 949 su·-

405 982 539 1044 tilia
581 984 954 1061 argumenta
998 996 1034 1039 a
1078 980 1615 1042 neoschismaticis
1643 968 2002 1043 ”Armeniae
2057 979 2134 1041 ad
2175 980 2270 1040 in·

404 1080 625 1137 cautos
666 1070 1017 1135 catholicos
1058 1072 1473 1153 aucupandos
1523 1073 1898 1135 concinnata
1943 1080 2078 1137 tum
2121 1088 2272 1153 per-

303 1180 313 1190 ’
403 1172 597 1248 petua
638 1164 1011 1229 Catholicae
1041 1162 1369 1227 Ecclesiae
1410 1166 1777 1242 traditione,
1823 1171 1957 1227 tum
1999 1162 2110 1227 SS.
2144 1162 2268 1226 Pa-

402 1268 573 1325 trum
612 1260 1021 1335 auctoritate,
1051 1265 1187 1321 tum
1218 1256 1654 1321 Conciliornm
1685 1258 2268 1333 constitutionibus,

402 1360 537 1417 tum
600 1352 875 1432 denique
932 1350 1251 1413 historicis
1312 1350 1497 1413 factis
1558 1351 1932 1431 singillatim
1983 1348 2224 1413 refellit
2243 1366 2268 1428 3

404 1446 779 1526 praesertim
824 1460 981 1506 vero
1020 1442 1411 1506 demonstrat
1449 1441 1986 1511 constitutionem
2026 1476 2106 1491 —-
2146 1441 2269 1507 Re·-

399 1554 697 1601 versurus
736 1565 815 1585 -·
852 1536 959 1598 die
996 1533 1079 1599 12
1116 1536 1260 1599 iulii
1308 1554 1411 1598 an.
1452 1534 1621 1615 2186?
1672 1538 1754 1598 ab
1801 1552 1942 1601 sese
1979 1536 2214 1598 editam
2247 1578 2268 1612 ‚

397 1640 618 1695 contra
658 1648 849 1712 quarn
895 1628 1175 1691 Armenii
1218 1632 1724 1693 neoschismatici
1769 1638 2102 1709 tantopere
2141 1630 2256 1691 oh-

399 1726 667 1801 lau-ant,
710 1730 778 1785 et
798 1722 1297 1803 -praecedentem
1338 1725 1818 1785 instructionem
1861 1724 1984 1787 diei
2023 1721 2106 1788 m
2147 1740 2264 1785 au·

398 1820 562 1899 gusti
604 1814 761 1881 1873
802 1815 1011 1896 quoad
1064 1814 1478 1878 patriarchae
1520 1824 1587 1878 et
1628 1814 2000 1879 Antistitum
2031 1814 2258 1876 Arme·

396 1912 539 1973 niae
580 1910 979 1985 electionem,
1024 1907 1730 1988 ecclesiasticorumque
1773 1908 2084 1970 bonorum
2129 1907 2260 1969 illis

398 2006 459 2065 in
501 2003 869 2082 regionibus
910 2000 1519 2064 administrationem
1560 2002 1734 2063 civili
1783 2002 2012 2063 summi
2057 1998 2262 2079 impe-

395 2098 595 2159 rantis
626 2096 922 2176 potestati
952 2094 1207 2157 minime
1232 2094 1537 2171 insidiari,
1564 2095 1676 2157 sed
1697 2093 2060 2157 Romanum
2091 2092 2260 2155 Pon-

398 2190 627 2253 tificem
676 2190 741 2251 in
790 2188 911 2249 hac
965 2204 1037 2249 re
1087 2204 1274 2251 usum
1321 2186 1515 2251 fuisse
1562 2188 1729 2265 iure,
1777 2187 1952 2266 quod
2001 2187 2116 2249 sibi
2165 2186 2260 2247 di-

394 2283 631 2345 vinitus
672 2280 973 2343 traditum
1027 2279 1179 2355 fuit,
1234 2280 1417 2341 cuius
1470 2280 1531 2341 vi
1577 2279 1910 2341 catholicis
1957 2276 2256 2341 Ecclesiis

391 2376 455 2438 in
492 2376 651 2437 orbe
696 2374 997 2436 universo
1038 2374 1399 2437 constitutis
1427 2373 1746 2437 arbitratu
1771 2389 1892 2435 suo
1921 2380 2244 2452 praeesse,

390 2486 501 2533 eas
526 2470 905 2549 gubernare,
933 2484 1285 2546 earumque
1313 2467 1481 2531 bono
1506 2473 1575 2531 et
1600 2466 2066 2552 conservationi
2104 2481 2254 2544 pro-

386 2563 631 2643 spicere
680 2566 889 2642 potest
934 2572 1010 2623 ac
1060 2558 1269 2623 debet.
1336 2558 1702 2625 catholicos
1752 2559 2024 2641 denique
2067 2557 2248 2622 Anti-

388 2656 565 2720 stites
608 2655 926 2731 hortatur,
971 2658 1043 2716 ut
1084 2654 1416 2733 praeclara
1448 2651 1768 2719 Maior-um
1815 2652 2114 2732 exempla
2155 2669 2256 2736 se·

390 2749 573 2829 qunti
614 2747 911 2818 resistant
951 2744 1147 2809 fortes
1188 2746 1253 2808 in
1295 2745 1417 2811 tide
1474 2791 1489 2807 .
1657 2791 1674 2808 .
1841 2789 1856 2805 .
2025 2787 2040 2806 .
2214 2763 2248 2802 »
2325 2741 2405 2809 97

310 2933 591 2999 Litterae
632 2933 1043 3014 apostolieae
1092 2933 1211 2998 sub
1231 2933 1532 3012 plumbo
1558 2961 1637 2976 -·
1667 2929 1870 3012 Super
1907 2929 2251 2996 oecumeni-
2309 2967 2316 2981 -

386 3047 557 3090 σα-
578 3025 827 3102 Quarto
858 3021 1183 3090 Kalendas
1215 3022 1549 3088 Februarii
1578 3021 1740 3088 1872
1763 3023 1888 3106 (die
1912 3021 1992 3087 29
2017 3019 2250 3086 lanua-

390 3121 467 3182 rii
515 3117 695 3197 1873)
734 3120 969 3199 quibus
1020 3115 1342 3180 Dioecesis
1372 3115 1874 3196 Antioquiensis,
1925 3129 2092 3197 quae
2134 3133 2251 3196 per

388 3210 731 3277 Decretum
776 3211 1231 3276 consistoriale
1290 3213 1415 3274 diei
1466 3209 1505 3276 4
1546 3211 1854 3274 februarii
1892 3207 2050 3274 1868
2111 3227 2258 3272 cum

390 3303 682 3370 Dioecesi
726 3303 1107 3370 Medellensi
1168 3306 1505 3368 coniuncta
1570 3304 1818 3382 fuerat,
1860 3303 1942 3366 ab
2001 3304 2124 3367 ista
2159 3319 2262 3366 se-

384 3400 693 3479 iungunt,
732 3406 803 3462 et.
839 3399 903 3461 in
941 3415 1181 3461 novum
1226 3395 1682 3480 Episcopatum
1723 3398 1990 3476 erigitur
2021 3441 2038 3456 .
2209 3415 2240 3454 >v
2281 3391 2411 3459 138

308 3582 597 3664 Epistola
628 3581 825 3646 Felici
856 3581 1088 3646 Libero
1120 3581 1357 3646 Baroui
1396 3583 1475 3646 de
1514 3581 1643 3646 Leo
1675 3581 1958 3648 Praesidi
2001 3584 2248 3664 totique

386 3673 689 3753 Societa'ti
728 3673 1477 3740 Germano-Catholicae.
1522 3675 1966 3758 (Moguntiam)
1989 3709 2068 3721 -
2096 3675 2262 3738 Dum

382 3768 840 3833 insectationem
900 3768 1212 3832 Ecclesiae
1250 3799 1329 3811 -
1370 3769 1471 3832 die
1530 3763 1608 3834 10
1674 3770 2008 3832 februarii.
2073 3767 2258 3831 Illius

388 3859 725 3926 Societatis
767 3858 1031 3925 Sodales
1073 3861 1477 3940 adhortatur,
1510 3869 1581 3924 ut
1621 3862 1885 3942 proprio
1927 3861 2068 3926 iure
2111 3858 2257 3924 freti

386 3953 695 4017 deiectam
738 3952 1109 4034 religionem
1174 3971 1355 4016 suam
1423 3953 1632 4031 tueri,
1683 3951 2136 4034 Ecclesiaeque
2178 3955 2257 4016 li·

384 4047 693 4110 bet-tatem
740 4047 1059 4110 vindicare
1100 4049 1486 4110 contendant
1671 4091 1688 4106 .
1856 4091 1872 4107 .
1917 4045 1922 4050 ’
2015 4092 2056 4122 ,.
2221 4067 2254 4106 »
2295 4043 2414 4113 153

306 4225 649 4294 Decretum
694 4229 759 4296 S.
804 4213 1323 4312 Congregationis
1384 4218 1650 4296 Rituum
1711 4232 1832 4294 diei
1871 4231 1950 4296 27
1989 4231 2242 4294 februa-

380 4323 503 4399 rii,
542 4341 673 4406 quo
726 4323 1085 4388 Barolensis
1135 4323 1415 4404 Capituli
1468 4325 2038 4408 Archipresbytero
2075 4369 2096 4404 ‚
2139 4326 2248 4404 qui
