<?xml version="1.0" encoding="UTF-8"?>
<!DOCTYPE html PUBLIC "-//W3C//DTD XHTML 1.0 Transitional//EN"
    "http://www.w3.org/TR/xhtml1/DTD/xhtml1-transitional.dtd">
<html xmlns="http://www.w3.org/1999/xhtml" xml:lang="en" lang="en">
 <head>
  <title>
</title>
<meta http-equiv="Content-Type" content="text/html;charset=utf-8" />
  <meta name='ocr-system' content='tesseract 3.04.00' />
  <meta name='ocr-capabilities' content='ocr_page ocr_carea ocr_par ocr_line ocrx_word'/>
</head>
<body>
  <div class='ocr_page' id='page_1' title='image "./piiixpontificis01ixgoog_0028.png"; bbox 0 0 3292 5275; ppageno 0'>
   <div class='ocr_carea' id='block_1_1' title="bbox 844 682 2980 4514">
    <p class='ocr_par' dir='ltr' id='par_1_1' title="bbox 844 682 2975 2461">
     <span class='ocr_line' id='line_1_1' title="bbox 849 682 2964 780; baseline -0.002 -23"><span class='ocrx_word' id='word_1_1' title='bbox 849 688 1178 775; x_wconf 84' lang='lat' dir='ltr'><strong>servatis,</strong></span> <span class='ocrx_word' id='word_1_2' title='bbox 1213 698 1286 759; x_wconf 87' lang='lat' dir='ltr'><strong>ct</strong></span> <span class='ocrx_word' id='word_1_3' title='bbox 1321 707 1618 780; x_wconf 88' lang='lat' dir='ltr'><strong>quorum</strong></span> <span class='ocrx_word' id='word_1_4' title='bbox 1660 685 2002 759; x_wconf 83' lang='lat' dir='ltr'><strong>absolutio</strong></span> <span class='ocrx_word' id='word_1_5' title='bbox 2033 687 2207 757; x_wconf 90' lang='lat' dir='ltr'><strong>alias</strong></span> <span class='ocrx_word' id='word_1_6' title='bbox 2246 682 2701 777; x_wconf 83' lang='lat' dir='ltr'><strong>quantumvis</strong></span> <span class='ocrx_word' id='word_1_7' title='bbox 2738 682 2964 773; x_wconf 83' lang='lat' dir='ltr'><strong>ampla</strong></span> 
     </span>
     <span class='ocr_line' id='line_1_2' title="bbox 849 802 2969 898; baseline -0.004 -20"><span class='ocrx_word' id='word_1_8' title='bbox 849 829 986 879; x_wconf 91' lang='lat' dir='ltr'><strong>non</strong></span> <span class='ocrx_word' id='word_1_9' title='bbox 1045 807 1558 898; x_wconf 69' lang='lat' dir='ltr'><strong>intelligeretur</strong></span> <span class='ocrx_word' id='word_1_10' title='bbox 1598 826 1956 890; x_wconf 83' lang='lat' dir='ltr'><strong>concessa,</strong></span> <span class='ocrx_word' id='word_1_11' title='bbox 2012 806 2087 876; x_wconf 89' lang='lat' dir='ltr'><strong>in</strong></span> <span class='ocrx_word' id='word_1_12' title='bbox 2146 806 2295 877; x_wconf 81' lang='lat' dir='ltr'><strong>soro</strong></span> <span class='ocrx_word' id='word_1_13' title='bbox 2349 802 2837 885; x_wconf 84' lang='lat' dir='ltr'><strong>conscientiae,</strong></span> <span class='ocrx_word' id='word_1_14' title='bbox 2894 809 2969 871; x_wconf 91' lang='lat' dir='ltr'><strong>et</strong></span> 
     </span>
     <span class='ocr_line' id='line_1_3' title="bbox 845 924 2967 1008; baseline -0.003 -9"><span class='ocrx_word' id='word_1_15' title='bbox 845 926 982 1001; x_wconf 88' lang='lat' dir='ltr'><strong>hac</strong></span> <span class='ocrx_word' id='word_1_16' title='bbox 1039 926 1190 999; x_wconf 86' lang='lat' dir='ltr'><strong>vice</strong></span> <span class='ocrx_word' id='word_1_17' title='bbox 1245 936 1522 1000; x_wconf 88' lang='lat' dir='ltr'><strong>tantum</strong></span> <span class='ocrx_word' id='word_1_18' title='bbox 1580 926 1973 1008; x_wconf 80' lang='lat' dir='ltr'><strong>absolvere,</strong></span> <span class='ocrx_word' id='word_1_19' title='bbox 2030 936 2101 997; x_wconf 91' lang='lat' dir='ltr'><strong>et</strong></span> <span class='ocrx_word' id='word_1_20' title='bbox 2156 924 2456 996; x_wconf 90' lang='lat' dir='ltr'><strong>liberare</strong></span> <span class='ocrx_word' id='word_1_21' title='bbox 2514 925 2840 1008; x_wconf 86' lang='lat' dir='ltr'><strong>valeant3</strong></span> <span class='ocrx_word' id='word_1_22' title='bbox 2894 934 2967 993; x_wconf 89' lang='lat' dir='ltr'><strong>et</strong></span> 
     </span>
     <span class='ocr_line' id='line_1_4' title="bbox 849 1038 2971 1141; baseline -0.004 -21"><span class='ocrx_word' id='word_1_23' title='bbox 849 1047 1131 1141; x_wconf 83' lang='lat' dir='ltr'><strong>insuper</strong></span> <span class='ocrx_word' id='word_1_24' title='bbox 1169 1060 1332 1121; x_wconf 88' lang='lat' dir='ltr'><strong>vota</strong></span> <span class='ocrx_word' id='word_1_25' title='bbox 1387 1066 1872 1140; x_wconf 84' lang='lat' dir='ltr'><strong>quaecumque</strong></span> <span class='ocrx_word' id='word_1_26' title='bbox 1905 1046 2123 1118; x_wconf 88' lang='lat' dir='ltr'><strong>etiam</strong></span> <span class='ocrx_word' id='word_1_27' title='bbox 2177 1046 2438 1127; x_wconf 88' lang='lat' dir='ltr'><strong>iurata,</strong></span> <span class='ocrx_word' id='word_1_28' title='bbox 2469 1056 2539 1115; x_wconf 92' lang='lat' dir='ltr'><strong>et</strong></span> <span class='ocrx_word' id='word_1_29' title='bbox 2576 1040 2743 1115; x_wconf 88' lang='lat' dir='ltr'><strong>Sedi</strong></span> <span class='ocrx_word' id='word_1_30' title='bbox 2781 1038 2971 1135; x_wconf 73' lang='lat' dir='ltr'><strong>Apo-</strong></span> 
     </span>
     <span class='ocr_line' id='line_1_5' title="bbox 844 1161 2965 1263; baseline -0.004 -22"><span class='ocrx_word' id='word_1_31' title='bbox 844 1168 1136 1241; x_wconf 84' lang='lat' dir='ltr'><strong>stolicae</strong></span> <span class='ocrx_word' id='word_1_32' title='bbox 1166 1176 1528 1241; x_wconf 85' lang='lat' dir='ltr'><strong>reservata</strong></span> <span class='ocrx_word' id='word_1_33' title='bbox 1553 1161 1959 1263; x_wconf 87' lang='lat' dir='ltr'><strong>(castitatis,</strong></span> <span class='ocrx_word' id='word_1_34' title='bbox 1986 1166 2368 1258; x_wconf 81' lang='lat' dir='ltr'><strong>religionis,</strong></span> <span class='ocrx_word' id='word_1_35' title='bbox 2392 1174 2462 1236; x_wconf 90' lang='lat' dir='ltr'><strong>et</strong></span> <span class='ocrx_word' id='word_1_36' title='bbox 2491 1163 2965 1254; x_wconf 80' lang='lat' dir='ltr'><strong>obligationis,</strong></span> 
     </span>
     <span class='ocr_line' id='line_1_6' title="bbox 845 1284 2969 1383; baseline -0.002 -25"><span class='ocrx_word' id='word_1_37' title='bbox 845 1308 1024 1383; x_wconf 86' lang='lat' dir='ltr'><strong>quae</strong></span> <span class='ocrx_word' id='word_1_38' title='bbox 1062 1310 1102 1360; x_wconf 92' lang='lat' dir='ltr'><strong>a</strong></span> <span class='ocrx_word' id='word_1_39' title='bbox 1145 1291 1352 1361; x_wconf 92' lang='lat' dir='ltr'><strong>tertio</strong></span> <span class='ocrx_word' id='word_1_40' title='bbox 1406 1298 1773 1380; x_wconf 87' lang='lat' dir='ltr'><strong>acceptata</strong></span> <span class='ocrx_word' id='word_1_41' title='bbox 1828 1286 2061 1371; x_wconf 79' lang='lat' dir='ltr'><strong>fuerit,</strong></span> <span class='ocrx_word' id='word_1_42' title='bbox 2120 1308 2246 1358; x_wconf 91' lang='lat' dir='ltr'><strong>seu</strong></span> <span class='ocrx_word' id='word_1_43' title='bbox 2282 1284 2354 1358; x_wconf 92' lang='lat' dir='ltr'><strong>in</strong></span> <span class='ocrx_word' id='word_1_44' title='bbox 2404 1284 2659 1381; x_wconf 90' lang='lat' dir='ltr'><strong>quibus</strong></span> <span class='ocrx_word' id='word_1_45' title='bbox 2719 1295 2969 1373; x_wconf 83' lang='lat' dir='ltr'><strong>agatur</strong></span> 
     </span>
     <span class='ocr_line' id='line_1_7' title="bbox 845 1407 2963 1511; baseline -0.002 -32"><span class='ocrx_word' id='word_1_46' title='bbox 845 1408 930 1481; x_wconf 89' lang='lat' dir='ltr'><strong>de</strong></span> <span class='ocrx_word' id='word_1_47' title='bbox 987 1408 1419 1501; x_wconf 88' lang='lat' dir='ltr'><strong>praeiudicio</strong></span> <span class='ocrx_word' id='word_1_48' title='bbox 1475 1408 1664 1481; x_wconf 90' lang='lat' dir='ltr'><strong>tertii</strong></span> <span class='ocrx_word' id='word_1_49' title='bbox 1720 1428 1994 1503; x_wconf 88' lang='lat' dir='ltr'><strong>semper</strong></span> <span class='ocrx_word' id='word_1_50' title='bbox 2048 1407 2364 1500; x_wconf 83' lang='lat' dir='ltr'><strong>exceptis</strong></span> <span class='ocrx_word' id='word_1_51' title='bbox 2400 1456 2419 1489; x_wconf 95' lang='lat'>‚</span> <span class='ocrx_word' id='word_1_52' title='bbox 2477 1416 2827 1511; x_wconf 80' lang='lat' dir='ltr'><strong>quatenus</strong></span> <span class='ocrx_word' id='word_1_53' title='bbox 2879 1425 2963 1476; x_wconf 88' lang='lat' dir='ltr'><strong>ea</strong></span> 
     </span>
     <span class='ocr_line' id='line_1_8' title="bbox 845 1524 2967 1624; baseline -0.004 -23"><span class='ocrx_word' id='word_1_54' title='bbox 845 1540 1014 1619; x_wconf 41' lang='lat' dir='ltr'><strong>vota,</strong></span> <span class='ocrx_word' id='word_1_55' title='bbox 1062 1530 1200 1604; x_wconf 90' lang='lat' dir='ltr'><strong>sint</strong></span> <span class='ocrx_word' id='word_1_56' title='bbox 1256 1530 1564 1624; x_wconf 80' lang='lat' dir='ltr'><strong>perfecta</strong></span> <span class='ocrx_word' id='word_1_57' title='bbox 1621 1540 1695 1601; x_wconf 90' lang='lat' dir='ltr'><strong>et</strong></span> <span class='ocrx_word' id='word_1_58' title='bbox 1752 1526 2094 1612; x_wconf 85' lang='lat' dir='ltr'><strong>absoluta,</strong></span> <span class='ocrx_word' id='word_1_59' title='bbox 2154 1550 2283 1599; x_wconf 90' lang='lat' dir='ltr'><strong>nec</strong></span> <span class='ocrx_word' id='word_1_60' title='bbox 2339 1548 2484 1598; x_wconf 90' lang='lat' dir='ltr'><strong>non</strong></span> <span class='ocrx_word' id='word_1_61' title='bbox 2525 1524 2967 1619; x_wconf 78' lang='lat' dir='ltr'><strong>poenalibuS,</strong></span> 
     </span>
     <span class='ocr_line' id='line_1_9' title="bbox 847 1646 2971 1747; baseline -0.004 -24"><span class='ocrx_word' id='word_1_62' title='bbox 847 1670 1031 1747; x_wconf 89' lang='lat' dir='ltr'><strong>quae</strong></span> <span class='ocrx_word' id='word_1_63' title='bbox 1063 1650 1590 1743; x_wconf 75' lang='lat' dir='ltr'><strong>praeservativa</strong></span> <span class='ocrx_word' id='word_1_64' title='bbox 1623 1672 1664 1721; x_wconf 90' lang='lat' dir='ltr'><strong>a</strong></span> <span class='ocrx_word' id='word_1_65' title='bbox 1698 1648 2001 1742; x_wconf 88' lang='lat' dir='ltr'><strong>peccatis</strong></span> <span class='ocrx_word' id='word_1_66' title='bbox 2039 1657 2565 1739; x_wconf 86' lang='lat' dir='ltr'><strong>nuncupantur,</strong></span> <span class='ocrx_word' id='word_1_67' title='bbox 2606 1646 2743 1717; x_wconf 90' lang='lat' dir='ltr'><strong>nisi</strong></span> <span class='ocrx_word' id='word_1_68' title='bbox 2783 1664 2971 1717; x_wconf 91' lang='lat' dir='ltr'><strong>com-</strong></span> 
     </span>
     <span class='ocr_line' id='line_1_10' title="bbox 849 1766 2969 1889; baseline -0.003 -47"><span class='ocrx_word' id='word_1_69' title='bbox 849 1772 1146 1865; x_wconf 79' lang='lat' dir='ltr'><strong>mutatio</strong></span> <span class='ocrx_word' id='word_1_70' title='bbox 1201 1772 1442 1844; x_wconf 78' lang='lat' dir='ltr'><strong>futura</strong></span> <span class='ocrx_word' id='word_1_71' title='bbox 1497 1768 1849 1889; x_wconf 56' lang='lat' dir='ltr'><strong>iudicettn·</strong></span> <span class='ocrx_word' id='word_1_72' title='bbox 1902 1766 2263 1851; x_wconf 90' lang='lat' dir='ltr'><strong>eiusmodi,</strong></span> <span class='ocrx_word' id='word_1_73' title='bbox 2322 1775 2401 1839; x_wconf 87' lang='lat' dir='ltr'><strong>ut</strong></span> <span class='ocrx_word' id='word_1_74' title='bbox 2457 1788 2600 1839; x_wconf 90' lang='lat' dir='ltr'><strong>non</strong></span> <span class='ocrx_word' id='word_1_75' title='bbox 2656 1766 2891 1837; x_wconf 83' lang='lat' dir='ltr'><strong>minus</strong></span> <span class='ocrx_word' id='word_1_76' title='bbox 2929 1786 2969 1835; x_wconf 91' lang='lat' dir='ltr'><strong>a</strong></span> 
     </span>
     <span class='ocr_line' id='line_1_11' title="bbox 849 1884 2975 1985; baseline -0.004 -20"><span class='ocrx_word' id='word_1_77' title='bbox 849 1902 1141 1985; x_wconf 86' lang='lat' dir='ltr'><strong>peceato</strong></span> <span class='ocrx_word' id='word_1_78' title='bbox 1195 1889 1697 1965; x_wconf 89' lang='lat' dir='ltr'><strong>committendo</strong></span> <span class='ocrx_word' id='word_1_79' title='bbox 1751 1890 2127 1975; x_wconf 82' lang='lat' dir='ltr'><strong>refraenet,</strong></span> <span class='ocrx_word' id='word_1_80' title='bbox 2156 1908 2359 1981; x_wconf 88' lang='lat' dir='ltr'><strong>quam</strong></span> <span class='ocrx_word' id='word_1_81' title='bbox 2416 1885 2601 1980; x_wconf 87' lang='lat' dir='ltr'><strong>prior</strong></span> <span class='ocrx_word' id='word_1_82' title='bbox 2638 1884 2786 1960; x_wconf 80' lang='lat' dir='ltr'><strong>voti</strong></span> <span class='ocrx_word' id='word_1_83' title='bbox 2825 1906 2975 1957; x_wconf 87' lang='lat' dir='ltr'><strong>ma·-</strong></span> 
     </span>
     <span class='ocr_line' id='line_1_12' title="bbox 849 1994 2975 2109; baseline -0.004 -26"><span class='ocrx_word' id='word_1_84' title='bbox 849 2006 1078 2109; x_wconf 88' lang='lat' dir='ltr'><strong>teria)</strong></span> <span class='ocrx_word' id='word_1_85' title='bbox 1163 2012 1236 2081; x_wconf 85' lang='lat' dir='ltr'><strong>in</strong></span> <span class='ocrx_word' id='word_1_86' title='bbox 1295 1994 1444 2083; x_wconf 48' lang='lat' dir='ltr'><strong>&#39;alia</strong></span> <span class='ocrx_word' id='word_1_87' title='bbox 1514 2012 1628 2103; x_wconf 90' lang='lat' dir='ltr'><strong>pia</strong></span> <span class='ocrx_word' id='word_1_88' title='bbox 1686 2022 1756 2080; x_wconf 91' lang='lat' dir='ltr'><strong>et</strong></span> <span class='ocrx_word' id='word_1_89' title='bbox 1812 2008 2148 2082; x_wconf 85' lang='lat' dir='ltr'><strong>salutaria</strong></span> <span class='ocrx_word' id='word_1_90' title='bbox 2214 2028 2424 2100; x_wconf 88' lang='lat' dir='ltr'><strong>opera</strong></span> <span class='ocrx_word' id='word_1_91' title='bbox 2506 2004 2975 2100; x_wconf 88' lang='lat' dir='ltr'><strong>dispensando</strong></span> 
     </span>
     <span class='ocr_line' id='line_1_13' title="bbox 847 2126 2975 2215; baseline -0.004 -12"><span class='ocrx_word' id='word_1_92' title='bbox 847 2142 1302 2215; x_wconf 87' lang='lat' dir='ltr'><strong>commutare,</strong></span> <span class='ocrx_word' id='word_1_93' title='bbox 1361 2130 1681 2203; x_wconf 90' lang='lat' dir='ltr'><strong>iniuncta</strong></span> <span class='ocrx_word' id='word_1_94' title='bbox 1742 2140 1976 2201; x_wconf 85' lang='lat' dir='ltr'><strong>tamen</strong></span> <span class='ocrx_word' id='word_1_95' title='bbox 2015 2129 2140 2214; x_wconf 90' lang='lat' dir='ltr'><strong>eis,</strong></span> <span class='ocrx_word' id='word_1_96' title='bbox 2178 2140 2248 2200; x_wconf 92' lang='lat' dir='ltr'><strong>et</strong></span> <span class='ocrx_word' id='word_1_97' title='bbox 2285 2150 2531 2200; x_wconf 91' lang='lat' dir='ltr'><strong>eorum</strong></span> <span class='ocrx_word' id='word_1_98' title='bbox 2569 2126 2857 2201; x_wconf 80' lang='lat' dir='ltr'><strong>cuilibet</strong></span> <span class='ocrx_word' id='word_1_99' title='bbox 2896 2126 2975 2196; x_wconf 85' lang='lat' dir='ltr'><strong>in</strong></span> 
     </span>
     <span class='ocr_line' id='line_1_14' title="bbox 849 2248 2974 2347; baseline -0.004 -22"><span class='ocrx_word' id='word_1_100' title='bbox 849 2250 1264 2343; x_wconf 84' lang='lat' dir='ltr'><strong>supradictis</strong></span> <span class='ocrx_word' id='word_1_101' title='bbox 1291 2250 1612 2325; x_wconf 90' lang='lat' dir='ltr'><strong>omnibus</strong></span> <span class='ocrx_word' id='word_1_102' title='bbox 1644 2248 2076 2343; x_wconf 87' lang='lat' dir='ltr'><strong>poenitentia</strong></span> <span class='ocrx_word' id='word_1_103' title='bbox 2106 2251 2429 2333; x_wconf 86' lang='lat' dir='ltr'><strong>salutari,</strong></span> <span class='ocrx_word' id='word_1_104' title='bbox 2457 2248 2753 2347; x_wconf 88' lang='lat' dir='ltr'><strong>aliisque</strong></span> <span class='ocrx_word' id='word_1_105' title='bbox 2785 2250 2974 2320; x_wconf 88' lang='lat' dir='ltr'><strong>eius-</strong></span> 
     </span>
     <span class='ocr_line' id='line_1_15' title="bbox 849 2353 2451 2461; baseline -0.001 -16"><span class='ocrx_word' id='word_1_106' title='bbox 849 2372 1008 2447; x_wconf 85' lang='lat' dir='ltr'><strong>dem</strong></span> <span class='ocrx_word' id='word_1_107' title='bbox 1061 2368 1491 2445; x_wconf 80' lang='lat' dir='ltr'><strong>Coniessarii</strong></span> <span class='ocrx_word' id='word_1_108' title='bbox 1546 2372 1834 2444; x_wconf 90' lang='lat' dir='ltr'><strong>arbitrio</strong></span> <span class='ocrx_word' id='word_1_109' title='bbox 1891 2370 2362 2461; x_wconf 77' lang='lat' dir='ltr'><strong>iniungendiS.</strong></span> <span class='ocrx_word' id='word_1_110' title='bbox 2441 2353 2451 2362; x_wconf 67' lang='grc'><strong><em>’</em></strong></span> 
     </span>
    </p>

    <p class='ocr_par' dir='ltr' id='par_1_2' title="bbox 847 2489 2980 4514">
     <span class='ocr_line' id='line_1_16' title="bbox 1058 2489 2973 2584; baseline -0.002 -18"><span class='ocrx_word' id='word_1_111' title='bbox 1058 2489 1521 2566; x_wconf 89' lang='lat' dir='ltr'><strong>Concedimus</strong></span> <span class='ocrx_word' id='word_1_112' title='bbox 1578 2494 1865 2584; x_wconf 90' lang='lat' dir='ltr'><strong>insuper</strong></span> <span class='ocrx_word' id='word_1_113' title='bbox 1920 2492 2314 2564; x_wconf 84' lang='lat' dir='ltr'><strong>facultatem</strong></span> <span class='ocrx_word' id='word_1_114' title='bbox 2369 2490 2821 2584; x_wconf 89' lang='lat' dir='ltr'><strong>dispensandi</strong></span> <span class='ocrx_word' id='word_1_115' title='bbox 2862 2514 2973 2563; x_wconf 93' lang='lat' dir='ltr'><strong>su-</strong></span> 
     </span>
     <span class='ocr_line' id='line_1_17' title="bbox 847 2608 2973 2716; baseline -0.003 -28"><span class='ocrx_word' id='word_1_116' title='bbox 847 2634 972 2710; x_wconf 89' lang='lat' dir='ltr'><strong>per</strong></span> <span class='ocrx_word' id='word_1_117' title='bbox 1028 2612 1540 2716; x_wconf 79' lang='lat' dir='ltr'><strong>irregularitate</strong></span> <span class='ocrx_word' id='word_1_118' title='bbox 1595 2634 1677 2684; x_wconf 84' lang='lat' dir='ltr'><strong>ex</strong></span> <span class='ocrx_word' id='word_1_119' title='bbox 1732 2612 2120 2685; x_wconf 89' lang='lat' dir='ltr'><strong>violatione</strong></span> <span class='ocrx_word' id='word_1_120' title='bbox 2175 2608 2651 2685; x_wconf 88' lang='lat' dir='ltr'><strong>Censurarum</strong></span> <span class='ocrx_word' id='word_1_121' title='bbox 2692 2622 2973 2685; x_wconf 87' lang='lat' dir='ltr'><strong>contra-</strong></span> 
     </span>
     <span class='ocr_line' id='line_1_18' title="bbox 847 2733 2967 2831; baseline -0.004 -21"><span class='ocrx_word' id='word_1_122' title='bbox 847 2748 993 2820; x_wconf 90' lang='lat' dir='ltr'><strong>cta,</strong></span> <span class='ocrx_word' id='word_1_123' title='bbox 1041 2744 1392 2831; x_wconf 88' lang='lat' dir='ltr'><strong>quatenus</strong></span> <span class='ocrx_word' id='word_1_124' title='bbox 1447 2735 1534 2806; x_wconf 94' lang='lat' dir='ltr'><strong>ad</strong></span> <span class='ocrx_word' id='word_1_125' title='bbox 1591 2735 1821 2808; x_wconf 80' lang='lat' dir='ltr'><strong>iorum</strong></span> <span class='ocrx_word' id='word_1_126' title='bbox 1876 2744 2235 2808; x_wconf 86' lang='lat' dir='ltr'><strong>externum</strong></span> <span class='ocrx_word' id='word_1_127' title='bbox 2297 2755 2437 2806; x_wconf 90' lang='lat' dir='ltr'><strong>non</strong></span> <span class='ocrx_word' id='word_1_128' title='bbox 2495 2733 2585 2806; x_wconf 86' lang='lat' dir='ltr'><strong>sit</strong></span> <span class='ocrx_word' id='word_1_129' title='bbox 2640 2734 2967 2816; x_wconf 90' lang='lat' dir='ltr'><strong>deducta,</strong></span> 
     </span>
     <span class='ocr_line' id='line_1_19' title="bbox 851 2849 2973 2947; baseline -0.003 -17"><span class='ocrx_word' id='word_1_130' title='bbox 851 2857 961 2930; x_wconf 86' lang='lat' dir='ltr'><strong>vel</strong></span> <span class='ocrx_word' id='word_1_131' title='bbox 1017 2854 1104 2927; x_wconf 94' lang='lat' dir='ltr'><strong>de</strong></span> <span class='ocrx_word' id='word_1_132' title='bbox 1161 2854 1346 2927; x_wconf 79' lang='lat' dir='ltr'><strong>facili</strong></span> <span class='ocrx_word' id='word_1_133' title='bbox 1401 2854 1837 2928; x_wconf 88' lang='lat' dir='ltr'><strong>deducenda.</strong></span> <span class='ocrx_word' id='word_1_134' title='bbox 1880 2849 2038 2925; x_wconf 90' lang='lat' dir='ltr'><strong>Non</strong></span> <span class='ocrx_word' id='word_1_135' title='bbox 2078 2854 2508 2927; x_wconf 88' lang='lat' dir='ltr'><strong>intendimus</strong></span> <span class='ocrx_word' id='word_1_136' title='bbox 2566 2865 2805 2928; x_wconf 80' lang='lat' dir='ltr'><strong>autem</strong></span> <span class='ocrx_word' id='word_1_137' title='bbox 2846 2875 2973 2947; x_wconf 84' lang='lat' dir='ltr'><strong>per</strong></span> 
     </span>
     <span class='ocr_line' id='line_1_20' title="bbox 850 2973 2973 3070; baseline -0.001 -22"><span class='ocrx_word' id='word_1_138' title='bbox 850 2985 1253 3070; x_wconf 81' lang='lat' dir='ltr'><strong>praesentes</strong></span> <span class='ocrx_word' id='word_1_139' title='bbox 1281 2995 1490 3068; x_wconf 87' lang='lat' dir='ltr'><strong>super</strong></span> <span class='ocrx_word' id='word_1_140' title='bbox 1517 2975 1653 3047; x_wconf 86' lang='lat' dir='ltr'><strong>alia</strong></span> <span class='ocrx_word' id='word_1_141' title='bbox 1681 2977 1937 3069; x_wconf 89' lang='lat' dir='ltr'><strong>quavis</strong></span> <span class='ocrx_word' id='word_1_142' title='bbox 1964 2976 2482 3069; x_wconf 84' lang='lat' dir='ltr'><strong>irregularitate</strong></span> <span class='ocrx_word' id='word_1_143' title='bbox 2505 2977 2655 3047; x_wconf 87' lang='lat' dir='ltr'><strong>sive</strong></span> <span class='ocrx_word' id='word_1_144' title='bbox 2685 2996 2775 3048; x_wconf 82' lang='lat' dir='ltr'><strong>cx</strong></span> <span class='ocrx_word' id='word_1_145' title='bbox 2804 2973 2973 3046; x_wconf 91' lang='lat' dir='ltr'><strong>deli-</strong></span> 
     </span>
     <span class='ocr_line' id='line_1_21' title="bbox 851 3095 2967 3188; baseline -0.001 -18"><span class='ocrx_word' id='word_1_146' title='bbox 851 3108 991 3180; x_wconf 90' lang='lat' dir='ltr'><strong>cto,</strong></span> <span class='ocrx_word' id='word_1_147' title='bbox 1026 3097 1177 3168; x_wconf 85' lang='lat' dir='ltr'><strong>sive</strong></span> <span class='ocrx_word' id='word_1_148' title='bbox 1209 3117 1290 3168; x_wconf 86' lang='lat' dir='ltr'><strong>ex</strong></span> <span class='ocrx_word' id='word_1_149' title='bbox 1321 3096 1629 3181; x_wconf 81' lang='lat' dir='ltr'><strong>deiectu,</strong></span> <span class='ocrx_word' id='word_1_150' title='bbox 1664 3096 1783 3169; x_wconf 86' lang='lat' dir='ltr'><strong>vel</strong></span> <span class='ocrx_word' id='word_1_151' title='bbox 1812 3095 2117 3188; x_wconf 90' lang='lat' dir='ltr'><strong>publica,</strong></span> <span class='ocrx_word' id='word_1_152' title='bbox 2146 3098 2260 3168; x_wconf 85' lang='lat' dir='ltr'><strong>vel</strong></span> <span class='ocrx_word' id='word_1_153' title='bbox 2288 3097 2593 3182; x_wconf 83' lang='lat' dir='ltr'><strong>occul-ta,</strong></span> <span class='ocrx_word' id='word_1_154' title='bbox 2624 3107 2742 3168; x_wconf 84' lang='lat' dir='ltr'><strong>aut</strong></span> <span class='ocrx_word' id='word_1_155' title='bbox 2771 3109 2967 3178; x_wconf 78' lang='lat' dir='ltr'><strong>nota,</strong></span> 
     </span>
     <span class='ocr_line' id='line_1_22' title="bbox 852 3215 2973 3311; baseline -0.002 -20"><span class='ocrx_word' id='word_1_156' title='bbox 852 3218 1133 3311; x_wconf 87' lang='lat' dir='ltr'><strong>aliaque</strong></span> <span class='ocrx_word' id='word_1_157' title='bbox 1166 3215 1651 3310; x_wconf 88' lang='lat' dir='ltr'><strong>incapacitate,</strong></span> <span class='ocrx_word' id='word_1_158' title='bbox 1683 3227 1805 3286; x_wconf 91' lang='lat' dir='ltr'><strong>aut</strong></span> <span class='ocrx_word' id='word_1_159' title='bbox 1834 3216 2264 3288; x_wconf 83' lang='lat' dir='ltr'><strong>inhabilitate</strong></span> <span class='ocrx_word' id='word_1_160' title='bbox 2294 3217 2781 3310; x_wconf 86' lang='lat' dir='ltr'><strong>quoquomodo</strong></span> <span class='ocrx_word' id='word_1_161' title='bbox 2804 3237 2973 3288; x_wconf 90' lang='lat' dir='ltr'><strong>con-</strong></span> 
     </span>
     <span class='ocr_line' id='line_1_23' title="bbox 853 3334 2971 3429; baseline -0.001 -18"><span class='ocrx_word' id='word_1_162' title='bbox 853 3348 1078 3411; x_wconf 88' lang='lat' dir='ltr'><strong>tracta</strong></span> <span class='ocrx_word' id='word_1_163' title='bbox 1145 3336 1546 3429; x_wconf 90' lang='lat' dir='ltr'><strong>dispensare</strong></span> <span class='ocrx_word' id='word_1_164' title='bbox 1577 3385 1600 3420; x_wconf 91' lang='lat'><strong>,</strong></span> <span class='ocrx_word' id='word_1_165' title='bbox 1668 3337 1779 3407; x_wconf 84' lang='lat' dir='ltr'><strong>vel</strong></span> <span class='ocrx_word' id='word_1_166' title='bbox 1834 3337 2141 3429; x_wconf 88' lang='lat' dir='ltr'><strong>aliquam</strong></span> <span class='ocrx_word' id='word_1_167' title='bbox 2203 3334 2605 3408; x_wconf 74' lang='lat' dir='ltr'><strong>facultatem</strong></span> <span class='ocrx_word' id='word_1_168' title='bbox 2662 3338 2971 3408; x_wconf 85' lang='lat' dir='ltr'><strong>tribuere</strong></span> 
     </span>
     <span class='ocr_line' id='line_1_24' title="bbox 851 3455 2972 3552; baseline -0.002 -20"><span class='ocrx_word' id='word_1_169' title='bbox 851 3479 1066 3551; x_wconf 84' lang='lat' dir='ltr'><strong>super</strong></span> <span class='ocrx_word' id='word_1_170' title='bbox 1122 3455 1525 3552; x_wconf 85' lang='lat' dir='ltr'><strong>praemissis</strong></span> <span class='ocrx_word' id='word_1_171' title='bbox 1581 3455 2057 3549; x_wconf 89' lang='lat' dir='ltr'><strong>dispensandi,</strong></span> <span class='ocrx_word' id='word_1_172' title='bbox 2114 3475 2240 3528; x_wconf 91' lang='lat' dir='ltr'><strong>seu</strong></span> <span class='ocrx_word' id='word_1_173' title='bbox 2293 3456 2731 3537; x_wconf 86' lang='lat' dir='ltr'><strong>habilitandi,</strong></span> <span class='ocrx_word' id='word_1_174' title='bbox 2787 3459 2972 3529; x_wconf 91' lang='lat' dir='ltr'><strong>etin</strong></span> 
     </span>
     <span class='ocr_line' id='line_1_25' title="bbox 855 3575 2975 3674; baseline -0.001 -24"><span class='ocrx_word' id='word_1_175' title='bbox 855 3577 1226 3674; x_wconf 88' lang='lat' dir='ltr'><strong>pristinum</strong></span> <span class='ocrx_word' id='word_1_176' title='bbox 1282 3589 1548 3651; x_wconf 88' lang='lat' dir='ltr'><strong>statum</strong></span> <span class='ocrx_word' id='word_1_177' title='bbox 1588 3577 2033 3658; x_wconf 88' lang='lat' dir='ltr'><strong>restituendi,</strong></span> <span class='ocrx_word' id='word_1_178' title='bbox 2075 3577 2281 3648; x_wconf 87' lang='lat' dir='ltr'><strong>etiam</strong></span> <span class='ocrx_word' id='word_1_179' title='bbox 2320 3578 2393 3647; x_wconf 93' lang='lat' dir='ltr'><strong>in</strong></span> <span class='ocrx_word' id='word_1_180' title='bbox 2431 3575 2579 3648; x_wconf 79' lang='lat' dir='ltr'><strong>foro</strong></span> <span class='ocrx_word' id='word_1_181' title='bbox 2616 3578 2975 3649; x_wconf 80' lang='lat' dir='ltr'><strong>conscien-</strong></span> 
     </span>
     <span class='ocr_line' id='line_1_26' title="bbox 853 3691 2977 3791; baseline -0 -20"><span class='ocrx_word' id='word_1_182' title='bbox 853 3701 1018 3781; x_wconf 86' lang='lat' dir='ltr'><strong>tiae,</strong></span> <span class='ocrx_word' id='word_1_183' title='bbox 1062 3718 1292 3791; x_wconf 88' lang='lat' dir='ltr'><strong>neque</strong></span> <span class='ocrx_word' id='word_1_184' title='bbox 1349 3697 1566 3768; x_wconf 87' lang='lat' dir='ltr'><strong>etiam</strong></span> <span class='ocrx_word' id='word_1_185' title='bbox 1621 3695 1956 3787; x_wconf 80' lang='lat' dir='ltr'><strong>derogare</strong></span> <span class='ocrx_word' id='word_1_186' title='bbox 2006 3691 2507 3769; x_wconf 84' lang='lat' dir='ltr'><strong>Constitutioni</strong></span> <span class='ocrx_word' id='word_1_187' title='bbox 2561 3717 2719 3767; x_wconf 88' lang='lat' dir='ltr'><strong>eum</strong></span> <span class='ocrx_word' id='word_1_188' title='bbox 2758 3719 2977 3788; x_wconf 86' lang='lat' dir='ltr'><strong>appo-</strong></span> 
     </span>
     <span class='ocr_line' id='line_1_27' title="bbox 851 3813 2974 3892; baseline -0.003 0"><span class='ocrx_word' id='word_1_189' title='bbox 851 3817 1004 3892; x_wconf 89' lang='lat' dir='ltr'><strong>sitis</strong></span> <span class='ocrx_word' id='word_1_190' title='bbox 1059 3816 1644 3890; x_wconf 87' lang='lat' dir='ltr'><strong>declarationibus</strong></span> <span class='ocrx_word' id='word_1_191' title='bbox 1682 3814 1911 3886; x_wconf 90' lang='lat' dir='ltr'><strong>editae</strong></span> <span class='ocrx_word' id='word_1_192' title='bbox 1969 3835 2008 3885; x_wconf 92' lang='lat' dir='ltr'><strong>a</strong></span> <span class='ocrx_word' id='word_1_193' title='bbox 2065 3815 2174 3886; x_wconf 81' lang='lat' dir='ltr'><strong>iel.</strong></span> <span class='ocrx_word' id='word_1_194' title='bbox 2208 3837 2343 3886; x_wconf 87' lang='lat' dir='ltr'><strong>rec.</strong></span> <span class='ocrx_word' id='word_1_195' title='bbox 2379 3813 2763 3888; x_wconf 75' lang='lat' dir='ltr'><strong>Benedicta</strong></span> <span class='ocrx_word' id='word_1_196' title='bbox 2790 3813 2974 3887; x_wconf 80' lang='lat' dir='ltr'><strong>XIV.</strong></span> 
     </span>
     <span class='ocr_line' id='line_1_28' title="bbox 849 3929 2967 4032; baseline -0.004 -20"><span class='ocrx_word' id='word_1_197' title='bbox 849 3933 1408 4012; x_wconf 74' lang='lat' dir='ltr'><strong>praedecessore</strong></span> <span class='ocrx_word' id='word_1_198' title='bbox 1445 3932 1701 4008; x_wconf 89' lang='lat' dir='ltr'><strong>Nostro</strong></span> <span class='ocrx_word' id='word_1_199' title='bbox 1748 3959 1782 4003; x_wconf 72' lang='grc' dir='ltr'><strong>«ι</strong></span> <span class='ocrx_word' id='word_1_200' title='bbox 1828 3929 2369 4006; x_wconf 78' lang='lat' dir='ltr'><strong>Sacramentum</strong></span> <span class='ocrx_word' id='word_1_201' title='bbox 2417 3934 2897 4032; x_wconf 71' lang='lat' dir='ltr'><strong>poenitentiae</strong></span> <span class='ocrx_word' id='word_1_202' title='bbox 2931 3961 2967 4004; x_wconf 65' lang='grc' dir='ltr'><strong>η</strong></span> 
     </span>
     <span class='ocr_line' id='line_1_29' title="bbox 851 4031 2977 4152; baseline -0 -23"><span class='ocrx_word' id='word_1_203' title='bbox 851 4055 1080 4152; x_wconf 82' lang='lat' dir='ltr'><strong>quoad</strong></span> <span class='ocrx_word' id='word_1_204' title='bbox 1135 4055 1659 4129; x_wconf 86' lang='lat' dir='ltr'><strong>inhabilitatem</strong></span> <span class='ocrx_word' id='word_1_205' title='bbox 1700 4055 2107 4130; x_wconf 61' lang='lat' dir='ltr'><strong>absolvendi</strong></span> <span class='ocrx_word' id='word_1_206' title='bbox 2154 4031 2594 4149; x_wconf 84' lang='lat' dir='ltr'><strong>complicem,</strong></span> <span class='ocrx_word' id='word_1_207' title='bbox 2634 4065 2708 4126; x_wconf 87' lang='lat' dir='ltr'><strong>et</strong></span> <span class='ocrx_word' id='word_1_208' title='bbox 2743 4059 2977 4149; x_wconf 86' lang='lat' dir='ltr'><strong>quoad</strong></span> 
     </span>
     <span class='ocr_line' id='line_1_30' title="bbox 851 4175 2979 4271; baseline -0 -22"><span class='ocrx_word' id='word_1_209' title='bbox 851 4177 1348 4268; x_wconf 80' lang='lat' dir='ltr'><strong>obligationem</strong></span> <span class='ocrx_word' id='word_1_210' title='bbox 1402 4175 1995 4262; x_wconf 84' lang='lat' dir='ltr'><strong>denunciationis,</strong></span> <span class='ocrx_word' id='word_1_211' title='bbox 2034 4195 2267 4270; x_wconf 86' lang='lat' dir='ltr'><strong>neque</strong></span> <span class='ocrx_word' id='word_1_212' title='bbox 2302 4177 2586 4248; x_wconf 85' lang='lat' dir='ltr'><strong>casdem</strong></span> <span class='ocrx_word' id='word_1_213' title='bbox 2640 4199 2979 4271; x_wconf 81' lang='lat' dir='ltr'><strong>praesen·</strong></span> 
     </span>
     <span class='ocr_line' id='line_1_31' title="bbox 855 4287 2980 4394; baseline -0.001 -24"><span class='ocrx_word' id='word_1_214' title='bbox 855 4311 962 4371; x_wconf 81' lang='lat' dir='ltr'><strong>tcs</strong></span> <span class='ocrx_word' id='word_1_215' title='bbox 1019 4295 1132 4380; x_wconf 85' lang='lat' dir='ltr'><strong>iis,</strong></span> <span class='ocrx_word' id='word_1_216' title='bbox 1190 4295 1310 4394; x_wconf 89' lang='lat' dir='ltr'><strong>qui</strong></span> <span class='ocrx_word' id='word_1_217' title='bbox 1351 4317 1390 4368; x_wconf 86' lang='lat' dir='ltr'><strong>a</strong></span> <span class='ocrx_word' id='word_1_218' title='bbox 1429 4291 1674 4382; x_wconf 81' lang='lat' dir='ltr'><strong>Nobis,</strong></span> <span class='ocrx_word' id='word_1_219' title='bbox 1712 4305 1785 4369; x_wconf 89' lang='lat' dir='ltr'><strong>et</strong></span> <span class='ocrx_word' id='word_1_220' title='bbox 1822 4297 1911 4368; x_wconf 88' lang='lat' dir='ltr'><strong>ab</strong></span> <span class='ocrx_word' id='word_1_221' title='bbox 1966 4287 2369 4388; x_wconf 81' lang='lat' dir='ltr'><strong>Apostolica</strong></span> <span class='ocrx_word' id='word_1_222' title='bbox 2424 4293 2635 4380; x_wconf 86' lang='lat' dir='ltr'><strong>Sede,</strong></span> <span class='ocrx_word' id='word_1_223' title='bbox 2686 4299 2801 4368; x_wconf 75' lang='lat' dir='ltr'><strong>vel</strong></span> <span class='ocrx_word' id='word_1_224' title='bbox 2858 4298 2980 4368; x_wconf 86' lang='lat' dir='ltr'><strong>ali-</strong></span> 
     </span>
     <span class='ocr_line' id='line_1_32' title="bbox 851 4413 2976 4514; baseline 0.001 -24"><span class='ocrx_word' id='word_1_225' title='bbox 851 4439 990 4514; x_wconf 88' lang='lat' dir='ltr'><strong>quo</strong></span> <span class='ocrx_word' id='word_1_226' title='bbox 1044 4413 1390 4506; x_wconf 83' lang='lat' dir='ltr'><strong>Praelato,</strong></span> <span class='ocrx_word' id='word_1_227' title='bbox 1421 4439 1546 4490; x_wconf 86' lang='lat' dir='ltr'><strong>seu</strong></span> <span class='ocrx_word' id='word_1_228' title='bbox 1585 4416 1815 4491; x_wconf 84' lang='lat' dir='ltr'><strong>iudice</strong></span> <span class='ocrx_word' id='word_1_229' title='bbox 1850 4413 2335 4492; x_wconf 77' lang='lat' dir='ltr'><strong>Ecclesiastico</strong></span> <span class='ocrx_word' id='word_1_230' title='bbox 2392 4417 2803 4492; x_wconf 84' lang='lat' dir='ltr'><strong>nominatim</strong></span> <span class='ocrx_word' id='word_1_231' title='bbox 2846 4442 2976 4492; x_wconf 77' lang='lat' dir='ltr'><strong>ex—</strong></span> 
     </span>
    </p>
   </div>
  </div>
 </body>
</html>
