3292 5275
2331 479 2434 562 75

317 629 589 710 possmt
640 635 715 685 m
773 611 999 687 Missis
1052 618 1379 709 privatis„
1438 619 1804 691 dummodo
1857 616 2093 694 habitu
2149 617 2434 695 Praela-

310 739 469 810 titio
524 739 667 808 sint
719 737 981 820 induti,
1042 757 1189 809 sese
1240 738 1329 810 ad
1367 735 1651 811 Missam
1709 761 2150 834 praeparare,
2207 765 2430 837 eaque

310 857 657 943 absoluta,
712 858 1089 950 gratiarum
1126 855 1431 931 actiones
1480 861 1882 952 persolvere
1931 881 2165 933 coram
2204 858 2433 935 Altari

309 977 382 1048 in
438 999 661 1071 parvo
714 977 1185 1070 genuflexorio
1242 981 1392 1052 sine
1450 989 1674 1052 strato
1730 1001 1893 1054 cum
1947 981 2218 1054 duobus
2275 984 2436 1074 pul-

308 1097 667 1172 vinaribus
729 1111 1025 1184 tantum,
1082 1100 1306 1172 altero
1360 1101 1493 1172 sub
1548 1099 1836 1193 genibus
1899 1111 1972 1173 et
2025 1104 2246 1174 altero
2299 1103 2432 1174 suh

306 1219 655 1306 brachiis3
708 1241 943 1290 sacras
979 1233 1217 1293 vestes
1254 1243 1340 1292 ex
1378 1222 1625 1292 eodem
1667 1217 1889 1291 Altari
1929 1243 2237 1306 sumere,
2279 1224 2433 1314 pal-

306 1341 605 1412 matoria
661 1341 793 1424 uti,
850 1361 933 1412 ac
988 1336 1489 1434 Presbyterum
1546 1343 2058 1434 superpelliceo
2111 1343 2428 1417 indutum

310 1461 669 1546 adhibere,
704 1461 825 1554 qui
862 1457 1165 1532 Missalis
1202 1464 1367 1534 folia
1410 1461 1545 1532 illis
1582 1463 1906 1533 evolvat:
1939 1463 2156 1536 salvis
2195 1473 2429 1535 tamen

310 1583 539 1676 quoad
576 1578 1087 1654 Patriarcbales
1123 1578 1461 1656 Basilicas
1502 1581 1972 1674 peculiaribus
2029 1585 2311 1656 statutis
2359 1595 2430 1655 et

312 1703 947 1778 consuetudinibus
1023 1703 1281 1776 ibidem
1363 1703 1810 1777 laudabiliter
1866 1703 2302 1790 observatiS,
2359 1716 2430 1776 et

314 1837 521 1899 cauto
580 1845 882 1917 semper,
922 1836 999 1896 ut
1036 1825 1391 1896 abstinere
1448 1827 1736 1897 omnino
1791 1824 2092 1896 debeant
2145 1827 2229 1896 ab
2283 1821 2432 1896 An·-

312 1949 483 2020 nulo
538 1957 611 2018 et
662 1942 894 2018 Cruce
948 1948 1335 2039 pectorali3
1389 1946 1479 2017 ab
1534 1967 1665 2018 usu
1724 1945 1958 2038 pileoli
1995 1993 2016 2029 ‚
2076 1967 2115 2016 a
2173 1944 2433 2018 saluta-

314 2069 507 2138 tione
564 2068 799 2158 populi
859 2086 979 2158 per
1034 2066 1253 2138 verba
1319 2087 1353 2134 α
1401 2062 1566 2138 Pax
1627 2061 1838 2137 Vobis
1880 2089 1916 2134 n
1979 2087 2016 2136 a
2072 2067 2258 2136 trina
2311 2066 2434 2137 be-

312 2168 713 2262 nedictione
751 2186 821 2258 in
859 2186 995 2258 fine
1048 2181 1328 2275 Missae,
1387 2197 1459 2259 et
1517 2187 1607 2258 ab
1663 2185 1815 2256 aliis
1869 2186 2426 2280 quibuscumque

312 2309 565 2383 ritibus
602 2320 675 2380 et
710 2306 1191 2394 caeremoniiS,
1226 2308 1506 2380 nonnisi
1562 2303 1637 2378 S.
1680 2302 1766 2376 R.
1805 2302 1890 2378 E.
1949 2303 2425 2379 Cardinalium

314 2442 389 2504 et
438 2427 943 2524 Episcoporum
1000 2430 1327 2522 propriis,

526 2543 676 2624 XX.
736 2548 1113 2624 Recensita
1190 2551 1534 2624 hactenus
1604 2549 1970 2643 privilegia
2026 2551 2146 2622 illa
2203 2561 2423 2634 sunt,

312 2674 567 2769 quibus
624 2674 971 2745 dumtaxat
1022 2667 1491 2743 Protonotarii
1550 2668 1647 2743 ad
1698 2670 1926 2743 instar
1979 2672 2069 2743 ab
2122 2668 2430 2765 Aposto-

311 2794 444 2867 lica
484 2790 663 2867 Sede
718 2796 1093 2868 donantur.
1154 2788 1418 2866 Verum
1456 2814 1597 2864 non
1654 2794 1862 2864 aliter
1917 2794 2036 2865 illa
2092 2811 2424 2865 exercere

311 2914 554 2989 licebit
589 2914 675 2986 iis
710 2916 835 3009 qui
872 2913 1268 2986 huiusmodi
1319 2916 1656 2987 honorem
1708 2915 1840 2985 rite
1889 2916 2149 2986 fuerint
2187 2934 2430 2985 conse·

314 3033 457 3110 cuti
489 3085 510 3119 ,
568 3035 699 3108 nisi
756 3047 961 3107 antea
1015 3032 1457 3127 Apostolicas
1512 3029 1821 3106 Litteras
1877 3034 1994 3107 vel
2049 3032 2426 3125 legitimum

313 3154 627 3251 Diploma
668 3178 836 3230 suae
878 3154 1385 3227 nominationis
1416 3154 1487 3227 in
1526 3154 1752 3225 officio
1790 3148 2168 3224 Secr‘etarii
2205 3146 2432 3224 Colle-

314 3278 411 3370 gii
446 3274 1091 3349 Protonotariorum
1120 3270 1698 3367 Participantium
1735 3270 2198 3355 exhibuerint,
2231 3269 2428 3344 cuius

314 3400 450 3471 erit
482 3400 554 3469 in
584 3399 894 3470 codicem
922 3396 1181 3469 referre
1214 3416 1463 3468 nomen
1500 3414 1907 3486 cognomen,
1937 3404 2266 3476 aetatem,
2299 3412 2430 3483 pa-

314 3522 525 3591 triam
561 3529 635 3590 et
670 3521 1048 3612 qualitates
1090 3519 1257 3590 novi
1306 3511 1784 3588 Protonotarii
1839 3510 1937 3584 ad
1989 3512 2239 3597 instar,
2295 3532 2428 3584 nec

312 3662 455 3714 non
496 3640 676 3710 diem
713 3640 1180 3731 expeditionis
1220 3638 1734 3730 praedictarum
1773 3629 2202 3706 Litterarum
2237 3628 2426 3724 Apo-

314 3761 719 3834 stolicarum
775 3780 901 3834 seu
958 3754 1411 3853 Diplomatis;
1468 3758 1603 3829 nisi
1661 3757 1950 3846 insuper
2005 3774 2241 3825 coram
2293 3746 2433 3824 De-

313 3902 487 3953 cano
542 3876 1185 3952 Protonotariorum
1222 3873 1810 3969 Participantium
1865 3873 1978 3946 vel
2033 3893 2158 3965 per
2212 3894 2314 3958 se,
2369 3873 2426 3943 si

312 3999 581 4075 Romae
636 4012 1052 4084 versentur,
1110 4002 1227 4072 vel
1282 3999 1491 4071 etiam
1544 4018 1670 4090 per
1723 3996 2112 4088 legitimum
2165 3990 2433 4065 Procu-

313 4134 647 4205 ratorem,
684 4123 745 4194 si
796 4120 955 4192 alibi
1003 4130 1545 4201 commorentur,
1583 4112 1781 4187 Fidei
1818 4112 2312 4207 professionem
2353 4122 2430 4186 et

309 4240 705 4317 Fidelitatis
759 4242 1216 4317 iuramentum
1252 4239 1754 4335 praestiterint,
1794 4246 1870 4307 et
1901 4232 2038 4307 nisi
2094 4234 2425 4328 denique,

313 4366 401 4439 de
456 4385 587 4439 sua
640 4363 951 4458 legitima
990 4362 1495 4445 nominatione,
1535 4380 1666 4433 nec
1711 4376 1854 4431 non
1891 4356 1978 4427 de
2015 4350 2213 4431 Fidei
2265 4374 2430 4450 pro-
