3292 5275
2230 494 2379 577 167

476 628 883 713 Praeterea,
920 654 1137 726 quum
1178 654 1305 727 pro
1340 636 1543 709 vinea
1571 628 1854 707 Domini
1889 636 2134 711 utilius
2167 647 2386 729 atque

261 756 473 827 latius
526 753 917 826 excolenda
970 755 1445 827 necessarium
1508 754 1879 829 admodum
1935 756 2055 843 sit,
2109 767 2190 830 ut
2253 753 2388 829 Sa·-

258 874 629 949 cerdotum
666 894 995 947 uumerus
1032 886 1369 964 augeatur
1400 894 1453 1008 εχ
1473 894 1772 968 cumque
1811 874 1897 947 ad
1936 876 2070 949 hoc
2105 877 2206 949 nil
2240 898 2388 949 ma-

262 996 365 1087 gis
418 1016 629 1087 quam
682 989 1067 1067 Seminaria
1124 994 1521 1067 conducere
1552 995 1918 1087 ‚diuturna
1953 993 2388 1089 experientia

262 1126 703 1208 compertum
742 1116 858 1197 sit,
900 1114 996 1185 ibi
1040 1114 1383 1208 siquidem
1422 1114 1929 1202 adolescentes,
1967 1117 2090 1210 qui
2129 1118 2204 1187 in
2239 1137 2390 1189 sor·

265 1248 407 1309 tem
462 1230 747 1306 Domini
806 1246 973 1309 suut
1028 1234 1287 1317 vocati,
1344 1234 1435 1305 ad
1489 1236 1828 1327 pietatem
1865 1248 1940 1309 et
1975 1238 2391 1327 religionem

260 1370 333 1427 et
388 1356 623 1427 zelum
672 1356 1059 1429 animarum
1114 1354 1611 1438 informantur,
1642 1358 1796 1447 pari
1837 1352 2234 1449 Apostolica
2273 1378 2392 1433 au·

259 1477 597 1549 ctoritate
656 1475 1117 1567 praecipimus
1156 1487 1371 1569 atque
1431 1474 1788 1559 iubemus,
1846 1476 2034 1569 quod
2074 1470 2394 1550 Semina-

262 1598 445 1669 rium
502 1594 735 1688 ipsum
799 1598 1137 1687 erigatur,
1194 1595 1384 1688 quod
1425 1597 1620 1667 iuxta
1675 1597 2050 1669 canonicas
2085 1598 2392 1688 sanctio-

266 1739 393 1789 nes
450 1728 525 1788 et
579 1717 1087 1789 ecclesiasticas
1142 1718 1329 1807 leges
1397 1715 1486 1787 ab
1540 1710 1890 1809 Episcopo
1955 1712 2392 1790 Dioecesano

264 1837 487 1910 libere
542 1836 749 1928 dirigi
808 1816 881 1907 e't
934 1850 1257 1911 accurate
1314 1836 1789 1909 administrari
1866 1837 2122 1909 debeat
2185 1846 2394 1932 atquc

266 1958 673 2049 gubernari.
2385 2021 2393 2030 .

487 2073 707 2151 Porro
746 2079 833 2150 ad
880 2078 1181 2172 singulas
1212 2079 1421 2153 huius
1450 2078 1790 2151 ecclesiae
1818 2078 1904 2149 de
1933 2077 2214 2171 proprio
2252 2074 2394 2151 An-

270 2198 495 2272 tistite
542 2192 981 2291 Apostolicas
1038 2200 1479 2290 provisiones
1532 2198 1722 2292 quod
1779 2197 2060 2281 attinet,
2099 2198 2393 2291 eiusque

267 2314 599 2414 (quoties
652 2318 769 2389 illa
806 2338 935 2391 suo
975 2318 1263 2412 viduari„
1309 2328 1589 2411 pastore
1638 2313 2070 2415 contigerit)
2124 2312 2392 2390 Vicarii

268 2435 697 2532 capitularis
734 2438 1149 2511 electionem
1196 2458 1281 2509 ea
1320 2439 1603 2529 penitus
1661 2428 2026 2525 observari
2065 2458 2148 2509 ac
2189 2437 2396 2531 plene

271 2558 644 2654 adimpleri
682 2559 1093 2631 mandamus
1128 2580 1311 2653 quae
1342 2557 1415 2630 in
1446 2568 2046 2652 supramemorata
2075 2554 2398 2630 Conven-

270 2681 471 2752 tione
538 2677 869 2772 disposita
926 2690 1094 2754 sunt
1146 2689 1362 2774 atque
1418 2681 1835 2763 constituta,
1893 2699 2214 2773 quaeque
2270 2698 2398 2771 pro

270 2802 433 2874 aliis
480 2795 1045 2894 Aequatorianae
1082 2797 1387 2874 Ditionis
1422 2797 1888 2875 Dioecesibus
1953 2797 2216 2874 iamdiu
2271 2799 2400 2870 ob-

272 2933 683 2995 servantur.
2385 2977 2390 2985 .

490 3038 945 3116 Decernimus
983 3054 1349 3137 praeterea
1386 3041 1594 3116 simili
1642 3043 2060 3116 auctoritate
2098 3037 2400 3134 Aposto-

274 3167 441 3246 lica,
478 3164 697 3258 quod,
736 3165 1017 3257 quoties
1071 3175 1145 3236 et
1197 3164 1531 3256 quamdiu
1586 3165 1898 3256 praefata
1959 3157 2212 3234 Portus
2257 3155 2400 3230 Ve-

274 3287 451 3358 teris
506 3281 943 3357 Cathcdralis
980 3281 1303 3358 Ecclesia
1350 3286 1634 3378 proprio
1690 3296 2066 3376 utcumque
2123 3291 2399 3376 pastore

272 3405 613 3480 destituta
648 3417 1027 3492 remaneat,
1068 3406 1335 3479 interea
1382 3407 1718 3498 temporis
1755 3423 1998 3478 omnes
2035 3414 2106 3475 et
2143 3400 2400 3494 singuli

273 3529 503 3622 ipsius
556 3547 838 3600 mensae
898 3525 1159 3600 reditus
1199 3527 1275 3597 in
1305 3537 1451 3598 tres
1488 3547 1750 3620 aequas
1806 3533 2046 3618 partes
2100 3508 2401 3594 fideliter

276 3647 724 3731 dividantur,
774 3667 1073 3739 quarum
1114 3667 1256 3719 una
1292 3641 1571 3721 Vicario
1628 3647 1735 3724 uti
1776 3644 2159 3739 praefertur
2195 3638 2404 3734 Dine,

276 3767 457 3844 cesis
512 3767 1065 3842 administratori
1130 3767 1205 3838 in
1262 3769 1722 3842 honorarium
1769 3766 2148 3849 tribuatur,
2187 3763 2402 3852 altera

275 3888 631 3985 Episcopo
684 3887 1067 3962 successori
1122 3890 1209 3961 ad
1266 3890 1866 3985 opportunitatem
1939 3895 2341 3958 reservetur
2377 3933 2400 3972 ,
2455 3921 2464 3928 ·

278 4012 552 4104 reliqua
586 4001 888 4083 'demum
943 4031 1105 4105 pars
1160 4010 1274 4082 vel
1332 4010 1407 4081 in
1465 4008 1769 4090 eiusmet
1817 4004 2258 4080 Cathedralis
2295 4027 2406 4096 ec7

278 4129 533 4204 clesiae
588 4130 899 4202 fabricae
954 4141 1027 4202 et
1080 4130 1398 4215 sacrarii,
1458 4132 1575 4203 vel
1630 4131 1706 4200 in
1763 4124 2138 4202 Seminarii
2185 4123 2406 4218 Dice-,-

282 4249 517 4324 cesani
572 4250 833 4324 bonum
886 4261 1103 4344 atque
1142 4251 1549 4334 utilitatem,
1610 4260 1821 4341 prout
1873 4247 2094 4339 magis
2151 4249 2226 4323 in
2263 4244 2407 4324 Dm
