3292 5275
286 623 555 699 bilibus
590 621 955 699 Fratribus
990 618 1259 697 Nostris
1314 620 1609 699 Sanctae
1646 620 2004 701 Romanae
2043 620 2402 703 Ecclesiae

286 742 787 820 cardinalibus
840 740 1281 819 Christianae
1346 744 1507 819 fidei
1562 746 2042 840 propagandae
2103 768 2406 840 praepo-

288 867 449 939 sitis
486 877 763 941 maturo
804 866 1261 959 diligentique
1312 886 1654 959 perpensa
1700 867 2042 949 examine,
2080 886 2296 960 quum
2331 866 2400 943 id

286 988 602 1059 maximo
658 984 1007 1079 religionis
1060 988 1241 1057 bono
1278 995 1349 1059 et
1388 984 1549 1057 fidei
1607 985 2032 1063 incremento
2087 989 2403 1063 futurum

284 1104 685 1181 noverimus
716 1153 737 1189 ‚
821 1105 1217 1181 huiusmodi
1272 1104 1858 1199 postulationibus
1921 1106 2406 1182 obsecundan-

284 1227 459 1301 dum
495 1225 919 1309 censuimuS‚
954 1225 1179 1320 deque
1230 1226 1635 1299 eorumdem
1673 1220 2186 1303 venerabilium
2221 1223 2399 1301 Fra-

286 1360 477 1423 trum
510 1344 917 1422 Nostrorum
970 1348 1257 1421 consilio
1294 1347 1383 1420 ad
1420 1366 1652 1421 novae
1692 1345 1762 1419 in
1803 1346 2212 1440 supradicto
2246 1344 2402 1423 Sta-

286 1485 367 1545 tu
436 1469 773 1543 dioecesis
833 1470 1257 1547 erectionem
1329 1467 1842 1541 deveniendum
1921 1469 2396 1545 decrevimus.

280 1586 519 1679 Quare
547 1590 635 1663 de
656 1586 1093 1683 Apostolicae
1122 1588 1482 1680 potestatis
1496 1582 1791 1661 Nostrae
1822 1588 2248 1682 plenitudine
2277 1610 2402 1667 no-

280 1731 447 1783 vam
478 1710 545 1781 in
559 1706 839 1783 Ditioae
858 1704 1407 1783 Massachusetts
1438 1707 1768 1799 erigimus
1798 1708 2196 1795 dioecesim,
2219 1732 2401 1804 quae

280 1826 757 1905 Comitatibus
811 1830 1087 1920 vulgari
1164 1848 1487 1903 sermone
1541 1822 1918 1903 Berksblre
1947 1876 1972 1915 ,
2021 1825 2397 1916 Franklin,

278 1946 731 2044 Hampshire,
787 1944 1147 2042 Hampden
1200 1956 1271 2018 et
1324 1942 1737 2021 Worcester
1801 1945 2176 2023 nominatis
2228 1970 2399 2025 con·-

282 2070 528 2154 stabit,
585 2092 665 2142 ac
721 2069 1011 2163 proinde
1067 2067 1347 2147 eosdem
1384 2063 1780 2143 Comitatus
1845 2090 1886 2141 a
1955 2064 2398 2143 Bostoniensi

278 2192 593 2263 dioecesi
648 2190 1108 2280 seiungimus‚
1148 2199 1353 2281 atque
1397 2188 1487 2260 ab
1526 2188 1712 2259 illius
1745 2184 2076 2283 Episcopi
2121 2190 2402 2263 iurisdi-

278 2310 517 2385 ctione
556 2312 842 2383 omnino
868 2310 1253 2393 eximimus,
1292 2320 1507 2403 atque
1544 2310 1647 2381 ita
1686 2310 2038 2384 seiunctos
2067 2322 2139 2382 et
2165 2330 2398 2384 exem-

278 2444 445 2525 ptos
502 2452 727 2503 novae
764 2429 921 2501 huic
984 2428 1283 2503 dioecesi
1350 2430 1827 2503 attribuimus.
1869 2425 2104 2502 Novae
2159 2440 2396 2504 autem

278 2552 575 2624 huiusce
627 2549 1007 2633 dioecesiS,
1055 2568 1266 2644 ,quam
1332 2543 1864 2641 Suffraganeam
1943 2544 2398 2624 Neo-Ebora·-

272 2674 474 2746 censi
525 2667 871 2764 Episcopo
924 2670 1401 2761 assignamus„
1456 2667 1946 2764 Episcopalem
2005 2665 2260 2744 Sedem
2322 2675 2392 2744 iu

276 2791 745 2886 Campitontis
800 2792 1121 2875 civitate,
1183 2793 1393 2883 vulgo
1448 2787 1821 2884 Sprigfield
1877 2789 2392 2878 constituimuS‚

276 2915 653 3006 eidemque
705 2910 999 2984 dioecesi
1060 2912 1147 2984 ab
1186 2923 1574 2984 memorata
1625 2906 2094 3002 Campil'ontis
2133 2907 2395 3011 (Spu-ig-

278 3031 501 3128 field)
556 3031 865 3105 Civitate
922 3051 1174 3104 nomen
1228 3031 1381 3102 fieri
1434 3032 1860 3104 mandamus.
1917 3027 2394 3127 Praecipimus

276 3153 449 3226 item
484 3199 507 3237 ,
570 3165 646 3224 ut
698 3173 878 3224 nova
932 3152 1104 3223 haec
1158 3173 1281 3245 per
1346 3146 1485 3224 Nos
1541 3152 1868 3224 instituta
1932 3148 2392 3244 Campifontis

276 3273 628 3346 dioecesis
682 3271 1005 3343 omnibus
1062 3273 1466 3363 perfruatur
1523 3271 1831 3358 iuribuS,
1870 3272 2280 3356 honoribuS‚
2321 3287 2396 3346 et

280 3393 694 3489 privilegiiS,
731 3392 982 3485 quibus
1018 3391 1193 3462 aliae
1231 3387 1682 3483 Episcopales
1737 3389 2089 3466 Ecclesiae
2147 3395 2394 3467 fruun-

279 3527 401 3588 tur
456 3525 529 3584 et
584 3511 905 3604 gaudent.
962 3507 1152 3582 Haec
1204 3513 1527 3584 volumus
1582 3519 1654 3584 et
1708 3513 2098 3586 mandamus
2153 3514 2394 3588 decer-

278 3647 533 3708 nentes
588 3629 1057 3730 hasLitteras
1092 3628 1379 3705 Nostras
1433 3631 1670 3705 firmas
1706 3633 1980 3704 validas
2033 3643 2106 3706 et
2159 3639 2394 3711 effica—

278 3777 396 3826 ces
452 3755 755 3826 existere
807 3763 881 3826 et
935 3755 1080 3826 fore
1112 3801 1133 3838 ,
1188 3773 1487 3848 suosque
1556 3752 1898 3846 plenarios
1953 3767 2028 3826 et
2083 3755 2390 3847 integros

276 3877 573 3949 effectus
628 3875 860 3948 sortiri
915 3885 987 3946 et
1040 3873 1394 3962 obtinere,
1444 3894 1525 3946 ac
1582 3873 1722 3945 illis
1759 3873 1844 3945 ad
1883 3895 2062 3966 quos
2097 3888 2387 3969 spectat,

274 4009 349 4071 et
404 4017 535 4090 pro
590 4005 897 4088 tempore
934 3994 1513 4088 quandocumque
1568 3995 1908 4089 spectabit
1957 3995 2028 4065 in
2065 3997 2390 4073 omnibus

274 4129 351 4190 et
406 4137 536 4210 per
591 4115 821 4188 omnia
876 4116 1279 4208 plenissime
1332 4113 1740 4206 suffragari,
1787 4115 2026 4208 sicque
2073 4114 2146 4188 in
2187 4139 2393 4210 prae-

276 4237 513 4309 missis
568 4257 695 4329 per
746 4254 1213 4329 quoscumque
1252 4236 1521 4310 iudices
1574 4235 2078 4334 ordinarioset
2115 4238 2392 4330 delega-

280 4371 413 4445 toS,
444 4357 659 4430 etiam
716 4377 1087 4430 causarum
1142 4351 1394 4430 Palatii
1448 4351 1832 4448 Apostolici
1870 4352 2242 4431 Auditores
2277 4359 2390 4434 iu-
