3292 5275
849 644 1009 726 geat
1060 614 1683 708 istius'Ecclesiae
1740 630 2137 705 sollicitudo
2189 632 2402 724 magis
2456 634 2814 729 magisque
2852 636 2964 707 in-

848 736 1186 841 notescat,
1243 764 1316 825 et
1370 752 1538 826 nibil
1595 753 2039 840 omittamuS‚
2092 750 2275 846 quod
2330 752 2421 825 ad
2475 751 2769 827 faustam
2822 752 2967 851 Sy-

845 876 1013 949 nodi
1067 875 1270 947 istius
1307 873 1856 947 celebrationem
1894 859 2120 966 possit
2174 872 2555 965 pertinere.
2599 870 2703 949 Ac
2756 898 2965 970 prae-

843 1000 1046 1068 terea
1096 996 1481 1080 voluimus,
1507 988 1512 995 ’
1539 1006 1622 1067 ut
1675 988 1859 1067 Ven.
1922 988 2172 1067 Frater
2228 990 2573 1067 Antonius
2626 989 2964 1089 Iosephus

827 1098 1102 1209 Pluym
1139 1110 1524 1209 Episcopus
1553 1078 2113 1205 Nicopolitaffliffi
2148 1109 2401 1186 Noster
2438 1123 2510 1185 et
2542 1114 2749 1189 buius
2776 1112 2964 1209 Apo-

843 1234 1126 1308 stolicae
1171 1219 1377 1308 'Sedis
1401 1235 1474 1307 in
1511 1235 1646 1309 ista
1702 1232 2015 1308 Civitate
2042 1221 2636 1339 Pro-DelegatuS,
2666 1232 2960 1310 Vestrae

823 1350 1129 1447 Synodo
1183 1356 1454 1428 adesset
1507 1354 1919 1449 specialibus
1957 1354 2405 1428 facultatibus
2443 1366 2513 1427 et
2550 1356 2964 1431 instructio-

842 1475 1048 1549 nibus
1099 1478 1444 1561 munitus,
1503 1498 1645 1569 quo
1702 1472 1987 1569 Synodo
2044 1476 2173 1568 ipsi
2210 1474 2435 1549 maius
2489 1476 2703 1551 decus
2756 1498 2963 1551 acce-

836 1596 1065 1682 deret,
1095 1608 1168 1669 et
1193 1598 1531 1671 canonica
1567 1617 1924 1670 sacrorum
1958 1590 2377 1671 Antistitum
2426 1597 2719 1671 libertas
2766 1610 2957 1672 sarta

839 1726 1030 1791 tecta
1087 1720 1372 1792 omnino
1406 1725 1823 1812 praestaret,
1869 1727 2081 1810 atque
2136 1716 2371 1790 omnia
2400 1717 2489 1789 ad
2517 1718 2957 1810 propositum
3044 1810 3059 1823 .

819 1836 1050 1911 finem
1081 1834 1599 1931 dirigerentur.
1658 1835 1809 1911 lam
1860 1858 2033 1911 vero
2086 1839 2297 1912 sinite
2332 1886 2354 1924 ,
2409 1833 2584 1909 Ven.
2642 1834 2955 1926 Fratres,

836 1969 921 2032 ut
948 1953 1162 2032 Vobis
1201 1980 1284 2032 ac
1316 1954 1610 2033 Dilectis
1664 1953 1861 2031 Filiis
1912 1952 2229 2040 Clericis,
2284 1980 2363 2032 ac
2417 1954 2802 2047 MonachiS,
2830 1982 2955 2054 po-

839 2078 1163 2174 pulisque
1199 2102 1408 2155 curae
1445 2076 1739 2155 Vestrae
1774 2080 2201 2153 concreditis
2254 2081 2327 2152 in
2380 2082 2790 2153 memoriam
2843 2102 2956 2155 re-

838 2184 1176 2275 vocemus
1229 2222 1413 2296 quae
1480 2197 2059 2274 Praedecessores
2111 2194 2347 2273 Nostri
2412 2196 2585 2275 Pius
2635 2196 2829 2293 vul,
2880 2214 2955 2276 et

815 2314 1212 2415 Gregorius
1241 2317 1428 2407 xvl,
1459 2315 1743 2416 Nosque
1776 2322 1916 2415 ipsi
1948 2321 2107 2393 aliis
2146 2316 2421 2395 Nostris
2447 2323 2709 2395 litteris
2734 2324 2953 2398 etiam

833 2449 1044 2535 atque
1097 2441 1314 2515 etiam
1350 2442 2023 2527 commendavimuS,
2066 2441 2341 2515 scilicet
2378 2445 2950 2518 coniunctionem

817 2562 1054 2636 totius
1105 2566 1420 2659 corporis
1476 2585 1693 2640 unam
1746 2566 2157 2651 sanitatem,
2226 2584 2577 2661 unamque
2633 2568 2951 2659 pulchri-

834 2679 1148 2758 tudinem
1201 2686 1456 2774 facere,
1512 2698 1582 2759 et
1621 2687 1804 2759 hanc
1844 2687 2409 2761 coniunctionem
2466 2687 2744 2778 exigere
2780 2710 2951 2762 con-

831 2806 1146 2879 cordiam
1198 2808 1659 2882 sacerdotum.
1690 2803 1908 2881 Omne
1946 2811 2137 2881 enim
2191 2828 2480 2900 regnum
2510 2809 2584 2881 in
2614 2829 2687 2881 se
2720 2811 2945 2901 ipsum

834 2925 1146 3003 divisum
1199 2927 1685 3017 desolabitur3
1738 2941 1811 3002 et
1866 2933 1939 3002 in
1998 2931 2130 3003 hoc
2184 2940 2603 3021 cognoscent
2668 2950 2943 3016 omneS,

807 3047 998 3142 ’quia
1052 3048 1370 3143 discipuli
1422 3045 1687 3123 Christi
1745 3073 2019 3138 sumuS,
2075 3051 2132 3120 si
2186 3050 2635 3123 dilectionem
2670 3050 2947 3125 habue-

819 3168 1050 3242 rimus
1105 3168 1189 3240 ad
1226 3169 1562 3256 invicem,
1593 3171 1866 3243 sibene
1919 3171 2285 3245 fecerimus
2340 3170 2427 3242 iis
2464 3171 2581 3265 qui
2619 3190 2748 3243 nos
2788 3193 2947 3264 per-

835 3301 1246 3382 sequuntur,
1301 3292 1361 3361 si
1415 3290 1865 3366 dilexerimus
1916 3313 2067 3380 eoS,
2103 3293 2222 3386 qui
2280 3313 2407 3365 nos
2462 3291 2619 3366 odio
2655 3293 2940 3365 habent.

1041 3401 1491 3505 Quapropter
1519 3413 1593 3485 in
1623 3411 2015 3486 humilitate
2044 3413 2271 3486 cordis
2292 3405 2522 3485 Nostri
2552 3407 2777 3486 Deum
2806 3413 2948 3486 eni—

827 3551 911 3604 xe
947 3531 1438 3626 adprecamur,
1480 3543 1562 3607 ut
1597 3535 1719 3606 det
1755 3527 1970 3608 Vobis
2009 3533 2083 3605 id
2121 3512 2350 3628 ipsum
2378 3551 2660 3626 sapere,
2689 3555 2772 3607 ac
2800 3555 2946 3606 ser-

826 3673 1001 3726 vare
1057 3653 1395 3726 unitatem
1451 3655 1745 3748 spiritus
1794 3655 1869 3724 in
1907 3653 2191 3729 vinculo
2247 3653 2471 3748 pacis,
2496 3654 2682 3728 illius
2718 3654 2947 3749 inqui-

827 3793 981 3847 mus
1011 3773 1229 3866 pacis,
1259 3795 1468 3868 quam
1502 3768 1817 3846 Christus
1871 3794 2168 3848 nascens
2208 3774 2540 3849 universo
2596 3786 2939 3847 terrarum

825 3893 978 3967 orbi
1033 3915 1160 3988 per
1211 3892 1516 3986 Angelos
1567 3899 1987 3972 annunciari
2060 3895 2282 3970 voluit
2312 3945 2339 3984 ‚
2409 3905 2483 3967 et
2536 3897 2612 3967 iu
2666 3895 2941 3970 caelum

827 4013 1152 4090 abiturus
1206 4014 1570 4110 discipulis
1623 4017 1769 4094 suis
1825 4017 2363 4093 commendavit.
2425 4012 2573 4090 Hac
2635 4015 2943 4110 denique

825 4135 1195 4212 occasione
1249 4159 1456 4234 quam
1493 4139 1950 4213 libentissime
2005 4140 2298 4228 utimur,
2324 4150 2406 4213 ut
2458 4138 2942 4234 praecipuam,

797 4277 965 4354 ·qua
1001 4251 1141 4332 Vos
1179 4257 1254 4331 in
1289 4255 1595 4335 Domino
1631 4259 2181 4355 complectimur,
2210 4261 2784 4336 benevolentiam
2816 4261 2942 4332 de-

825 4399 966 4457 nuo
1020 4389 1358 4456 testemur
1406 4393 1476 4457 et
1528 4382 2049 4476 confirmemus,
2096 4382 2296 4463 cuius
2350 4401 2629 4480 quoque
2686 4382 2937 4478 pignus
