3292 5275
2309 480 2413 600 85

300 623 439 709 vis,
492 621 725 716 quoad
764 621 1270 716 appellationes
1310 644 1351 694 a
1387 621 1724 698 iudiciis
1704 645 1772 692 ιιι
1809 623 2037 729 prima
2085 621 2416 695 instantia

299 743 589 836 prolatis
646 745 732 816 ab
788 739 1326 852 Episcopalibus
1386 738 1910 826 Tribunalibus,
1961 751 2136 854 quae
2195 761 2418 814 exem-

296 867 535 960 ptione
600 860 1113 970 Metropolitica
1183 866 1257 934 iu
1320 861 1557 943 Sicilia
1622 864 1946 956 gaudent,
2015 863 2418 952 adsignatus

297 984 423 1056 suit
478 988 660 1069 alter
714 985 893 1058 inibi
950 981 1365 1078 Episcopus,
1424 995 1507 1058 ut
1562 1005 1820 1094 causas
1869 1004 2324 1086 cognoscere
2337 997 2420 1066 et

299 1106 629 1181 dirimere
666 1107 763 1216 ἰιι
795 1101 1304 1201 Appellationis
1362 1105 1607 1199 gradu,
1640 1084 1750 1216 uti
1785 1100 2231 1216 Apostolicus
2285 1102 2424 1178 De-

297 1230 593 1320 legatuS,
648 1229 784 1301 rite
840 1228 1133 1318 valeret.
2401 1299 2414 1311 Ω

488 1321 924 1442 '‘Nuperiime
958 1349 1227 1452 itaque
1300 1369 1461 1421 cum
1529 1329 1760 1425 novae
1817 1343 2151 1430 laciensis
2191 1328 2422 1421 Dice-.-

297 1471 480 1544 cesis
532 1466 875 1557 erectioni
921 1469 992 1540 in
1054 1461 1301 1543 Sicilia
1359 1488 1448 1538 ex
1508 1447 2124 1543 dismembratione
2161 1424 2423 1548 Messa-

297 1591 498 1665 nensi
552 1600 626 1672 ct
660 1581 1091 1662 cataniensi
1130 1610 1252 1689 per
1292 1578 1829 1661 Sanctissimum
1855 1574 2242 1689 Dominum
2281 1579 2424 1660 No-

298 1722 567 1787 strum
582 1683 793 1785 fuerit
849 1711 1103 1820 loeus3
1156 1727 1401 1802 eaque
1432 1710 1563 1820 'per
1617 1701 2122 1822 Consistoriale
2161 1703 2424 1780 Decre-

298 1841 445 1902 tum
501 1829 635 1900 diei
699 1807 1083 1902 vicesimae
1144 1813 1503 1900 secundae
1550 1823 1714 1901 Iulii
1796 1849 1976 1900 anno
2031 1825 2422 1940 millesimo

294 1952 899 2042 octingentesimo
931 1950 1443 2044 septuagesimo
1506 1947 1868 2049 secundo,
1925 1915 2134 2042 quod
2175 1949 2424 2042 incipit

307 2097 341 2144 α
377 2067 579 2148 Nova
648 2067 1039 2168 constituta.
1112 2063 1525 2142 Cathedrali
1580 2025 1902 2142 Ecclesia
1979 2056 2287 2140 luciensi
2347 2069 2425 2150 in

298 2175 575 2264 Sicilia
618 2181 730 2292 (1)
778 2215 813 2260 ι)
862 2187 949 2278 S..
998 2181 1443 2284 Apostolicac
1502 2183 1665 2265 Sedi
1728 2189 2133 2264 immediate
2217 2174 2428 2262 tuerit

296 2311 661 2400 subiecta,
720 2313 831 2407 ius
898 2307 1459 2411 Appellationum
1535 2333 1576 2382 a
1646 2305 2010 2382 Tribunali
2068 2282 2423 2427 Ecclesiae

296 2432 615 2508 ciusdem
671 2434 809 2506 erit
864 2434 1070 2504 modo
1129 2431 1603 2504 statuendum.

446 2547 952 2671 Quapropter
987 2549 1487 2632 Sanctissimus
1527 2539 1868 2624 Dominus
1909 2536 2160 2624 Noster
2198 2545 2428 2649 omni-

298 2675 433 2749 bus
486 2677 810 2753 consulto
850 2675 1211 2767 perpensis
1250 2684 1325 2745 et
1360 2660 1846 2765 peculiaribus
1888 2674 1974 2745 de
2011 2666 2244 2789 causis
2289 2639 2424 2746 sibl

299 2792 621 2887 cognitis,
678 2796 1054 2867 contrariis
1109 2794 1675 2887 quibuscumque
1733 2782 2034 2867 mininie
2083 2794 2430 2865 obstanti-

296 2916 455 3000 bus»,
487 2917 593 2988 vel
621 2914 721 2987 eis
780 2917 866 2987 ad
893 2903 1031 2988 'boc
1073 2904 1356 3009 speciali
1402 2936 1676 3007 quoque
1718 2874 1906 2985 illata
1939 2896 2424 3016 derogatione3

300 3036 551 3107 statuit
625 3020 1079 3129 decrevitque
1152 3056 1243 3106 ex
1310 3028 1493 3107 Suae
1549 3026 1999 3125 Apostolicae
2053 3017 2430 3103 Potestatis

300 3155 740 3249 plenitudine
789 3152 1315 3249 Appellationes
1368 3152 1459 3223 ab
1514 3149 2013 3224 Ecclesiastico
2063 3149 2430 3223 Tribunali

304 3271 591 3347 laciensi
648 3257 1073 3381 deferendas
1125 3297 1281 3347 esse
1338 3272 1425 3345 ad
1482 3266 2106 3377 Metropolitanum
2161 3266 2432 3343 Messa-

302 3417 623 3481 nensem,
652 3396 777 3489 qui
834 3371 1095 3468 idcirco
1152 3397 1288 3467 rite
1347 3384 1745 3487 valideque
1774 3391 1964 3466 illius
2023 3388 2430 3465 Tribunalis

302 3538 549 3590 causas
588 3516 659 3587 in
698 3516 1009 3591 secundo
1045 3517 1434 3588 diiudicare
1474 3504 1780 3587 debebit.
1814 3502 2192 3587 Cae't'erum
2231 3535 2436 3606 prae-

302 3638 723 3730 scriptiones
780 3637 951 3709 alias
1008 3659 1192 3731 quae
1254 3638 1535 3709 tertium
1592 3634 2432 3728 iurisdictionis-gradum

302 3756 739 3848 respiciunt,
796 3758 1075 3849 quoties
1131 3756 1330 3830 locus
1388 3754 1684 3828 alterius
1738 3776 1998 3829 causae
2053 3751 2434 3826 revisionis

303 3898 457 3949 esse
512 3878 730 3969 possit
789 3878 879 3949 ad
934 3898 1251 3951 normam
1314 3898 1591 3971 quoquc
1656 3876 2070 3969 supi-arelati
2127 3869 2430 3966 Aposto-

302 3998 538 4070 stolici
573 3994 823 4071 Brevis
878 4018 1031 4071 esse
1088 3996 1577 4091 intelligendas
1614 4007 1690 4070 et
1725 3995 2217 4069 observandas
2256 3989 2439 4065 San-

300 4118 514 4191 ctitas
570 4113 717 4191 Sua
768 4118 1171 4193 mandavit.

466 4390 551 4479 (1)
590 4390 737 4459 vid.
780 4410 1083 4477 praesens
1127 4392 1260 4459 vol.
1302 4410 1451 4477 pag.
1491 4386 1595 4461 64.
