3292 5275
868 593 1064 666 iussu
1101 594 1274 666 tanti
1306 586 1677 665 Pontificis
1718 592 1831 665 die
1867 580 1968 665 13
1997 585 2292 683 Augusti
2336 580 2539 665 1872
2577 609 2703 681 per
2730 584 3003 663 Effium

865 710 954 787 D.
993 711 1205 790 Card.
1239 710 1597 786 Antonelli
1656 732 1861 787 suum
1900 734 1941 785 a
1964 708 2283 785 Secretis
2314 707 2555 785 Status
2596 712 2801 783 datae
2838 711 3007 785 fue-

866 846 1030 908 runt
1073 831 1354 909 Literae
1391 832 1477 907 D.
1517 831 1815 925 losepho
1854 830 2123 905 Orbera
2180 835 2265 905 ab
2318 832 2454 907 isto
2490 828 2815 925 Capitulo
2870 852 3007 903 ca·-

867 954 1110 1029 nonice
1147 956 1220 1027 in
1258 951 1618 1029 Vicarium
1645 952 2129 1049 Capitularem
2183 968 2342 1048 post
2394 951 2665 1027 obitum
2720 964 3007 1045 postre-

865 1077 964 1148 mi
1005 1072 1530 1169 Archiepiscopi
1583 1078 1833 1163 electo,
1872 1100 1953 1151 ac
2010 1098 2139 1150 suo
2193 1096 2487 1149 munere
2542 1071 3007 1149 laudabiliter

866 1195 1210 1289 fungenti,
1249 1219 1429 1291 quae
1487 1198 1809 1271 eumdem
1862 1197 2359 1281 hortabantur,
2402 1206 2483 1269 ut
2537 1195 2598 1267 si
2654 1216 2825 1269 vera
2880 1214 3009 1267 es·-

869 1328 1026 1391 sent
1077 1340 1193 1401 ea,
1247 1338 1423 1411 quae
1481 1318 1969 1406 narrabantur,
2026 1319 2219 1391 omni
2277 1339 2445 1391 cura
2502 1315 2849 1402 studeret,
2904 1336 3007 1389 ne

868 1438 1262 1511 nominatus
1319 1438 1446 1509 sub
1503 1438 1751 1531 quovis
1782 1415 2017 1512 'titulo
2048 1486 2070 1522 ,
2128 1440 2363 1511 colore
2396 1486 2415 1521 ‚
2474 1448 2547 1509 et
2612 1448 2765 1509 arte
2836 1458 3007 1509 sese

871 1557 1291 1631 immisceret
1347 1557 1420 1631 in
1479 1560 1819 1663 gubernio
1878 1570 1951 1631 et
1990 1557 2591 1632 administratione
2629 1551 3017 1651 Archiepi-

873 1680 1169 1773 scopalis
1225 1675 1587 1782 Ecclesiae
1641 1674 2022 1754 Cubensis.
2482 1772 2491 1781 ⁶
2614 1773 2621 1781 ο

1084 1796 1414 1873 Attamen
1444 1800 1632 1893 quod
1665 1801 1833 1871 olim
1853 1796 2225 1893 Gregorius
2248 1794 2429 1870 XVI.
2456 1820 2556 1871 sa.
2583 1820 2718 1871 me.
2742 1797 2831 1870 de
2856 1792 3022 1869 Gu-

871 1920 1116 1993 bernio
1137 1916 1521 2013 Hispanico
1551 1922 1624 1991 in
1658 1941 1785 1993 sua
1810 1916 2249 1993 Allocutione
2278 1919 2392 1991 die
2428 1910 2497 1991 1.
2532 1914 2759 1991 Martii
2788 1909 3005 1991 1841

871 2039 1122 2136 merito
1182 2042 1608 2133 gravissimis
1647 2040 1885 2116 verbis
1922 2041 2352 2134 querebatur
2388 2042 2473 2113 de
2512 2039 2829 2133 pluribus
2864 2062 3021 2113 ex-

873 2141 1187 2235 cessibus
1241 2157 1949 2255 et'usurpationibus
2006 2184 2045 2233 a
2098 2161 2278 2234 laica
2334 2169 2681 2255 potestate
2736 2182 3021 2253 perpe-

877 2282 1087 2354 tratis
1141 2284 1334 2357 circa
1387 2275 1713 2355 vicarios
1768 2278 2210 2376 Capitulares
2272 2304 2313 2355 a
2378 2282 2791 2354 demandata
2868 2282 3021 2355 sibi

877 2404 1362 2497 procuratione
1389 2420 1687 2477 ‘suarum
1726 2399 2205 2477 Ecclesiarum
2244 2404 2523 2495 saepius
2584 2402 3021 2494 prohibitoS,

875 2542 1006 2594 nec
1057 2544 1198 2595 non
1251 2524 1438 2595 cirea
1473 2512 1881 2595 Canonicos‘
1928 2522 2331 2596 vacantium
2365 2519 2835 2595 Ecclesiarum
2894 2536 3013 2596 te-

876 2664 1074 2716 mere
1127 2639 1472 2730 inductos‚
1504 2655 1629 2718 aut
1682 2645 1898 2717 etiam
1954 2654 2201 2738 aperta
2256 2646 2331 2716 vi
2390 2644 2699 2726 adactos,
2732 2655 2815 2717 ut
2852 2665 3025 2718 mu-

877 2785 1010 2836 nus
1066 2759 1798 2858 viarii-capitularis
1854 2765 2006 2844 vino
2038 2781 2099 2836 Δ
2148 2764 2513 2840 Gubernio
2578 2765 2651 2834 in
2708 2761 3019 2857 Episco-

877 2905 1044 2979 pum
1095 2886 1452 2958 nominato
1503 2879 1889 2970 deferrent,
1948 2896 2189 2958 contra
2245 2885 2641 2958 sanctiones
2690 2881 2892 2958 Gonc
2906 2888 3017 2958 ilii

879 2999 1368 3098 Lugdunensis
1423 3006 1714 3081 secundi
1772 3002 1974 3105 (cap.
2008 3006 2373 3081 Avaritiae
2414 2998 2619 3079 5.'de
2652 3007 3019 3082 electione

880 3125 954 3195 in
993 3117 1070 3197 6.
1099 3119 1122 3222 )
1147 3173 1168 3210 ‚
1227 3126 1382 3198 aliis
1437 3129 1734 3208 subinde
1772 3117 2442 3212 ConstitutionibuS‚
2476 3115 2549 3199 et
2592 3127 3021 3214 notissimis,

881 3239 994 3316 Pii
1046 3241 1196 3316 vll.
1253 3241 1515 3320 Literis
1553 3243 1628 3320 5.
1662 3244 2084 3321 Novembris
2142 3240 2373 3321 1810.
2434 3250 2522 3322 ad
2558 3245 2767 3320 Card.
2806 3243 3029 3321 Mau-

881 3386 995 3457 ry,
1027 3357 1106 3436 2.
1167 3361 1580 3440 Decembris
1638 3361 1871 3441 1810.
1932 3371 2021 3442 ad
2061 3367 2503 3443 Averardum
2540 3353 2829 3442 Coi-boli
2868 3365 3030 3445 Ee-

883 3487 1142 3558 clesiae
1177 3481 1624 3559 Florentinae
1663 3483 2025 3564 vicarium
2062 3487 2572 3583 capitularem,
2598 3503 2671 3562 et
2708 3481 2837 3562 18.
2874 3487 3031 3565 De-

809 3673 812 3678 .
881 3607 1182 3678 cembris
1243 3598 1448 3679 1810
1499 3610 1590 3682 ad
1645 3605 1942 3684 Paulum
1998 3606 2285 3686 d'Atros
2325 3607 2685 3684 Vicarium
2712 3607 3029 3704 Capitu-

883 3729 1184 3800 tularem
1241 3723 1596 3802 Ecclesiae
1654 3727 2070 3804 Pan-islensis
2138 3731 2583 3806 confirmatas
2616 3780 2642 3819 ,
2699 3733 3031 3823 idipsum

884 3848 1243 3922 hodiernis
1295 3871 1572 3943 quoque
1627 3852 1873 3928 diebus
1944 3855 2323 3945 lugendum
2376 3865 2451 3926 et
2505 3853 2823 3945 graviter
2874 3853 3037 3927 im-

885 3969 1321 4063 probandum
1363 3971 1835 4066 conspicitur.

1099 4085 1386 4162 Etenim
1429 4085 1761 4168 .Viearius
1795 4087 2227 4188 Capitularls
2281 4094 2518 4169 animo
2574 4096 3033 4188 prospiciens

889 4211 1288 4303 periculum
1343 4211 2065 4311 calamitatum-quae
2102 4229 2251 4289 tum
2289 4214 2618 4310 Capitulo
2658 4228 2809 4290 tum
2852 4223 3039 4294 uni-

890 4351 1136 4406 versae
1193 4327 1514 4408 Dioecesi
1571 4338 2060 4422 imminebant,
2114 4339 2487 4432 quamdam
2550 4339 2837 4412 doctam
2872 4337 3041 4416 Pa-
