3292 5275
663 586 1223 747 LITTERAE
1289 650 2061 749 APOSTOLICAE
2187 728 2191 731 .

509 940 732 1000 QVIBVS
789 941 850 989 R.
909 938 969 988 P.
1027 940 1090 988 Ι).
1150 942 1394 991 PETnvs
1449 940 1703 991 nunu
1761 940 2239 991 nunnssmnssnst

709 1060 1164 1111 enatum-:ouva
1221 1060 1558 1112 Eccttsuss
1615 1060 2037 1112 Pnassrlcl'rvn

952 1498 1210 1597 PIVS
1273 1499 1572 1595 PAPA
1637 1500 1793 1595 lx.

365 1967 626 2019 nttsscrs
685 1968 846 2031 Plu,
902 1967 1186 2019 sAtv'rssnt
1249 1968 1329 2019 ΕΤ
1388 1964 1819 2019 westonam
1876 1962 2381 2017 naunotonensi!

316 2360 698 2544 supremi
767 2447 1226 2546 Apostolatus
1292 2453 1606 2527 officium
1680 2451 2057 2527 humilitati
2133 2445 2436 2522 Nostrae

314 2570 385 2644 in
441 2593 738 2666 persona
793 2570 1189 2647 Beatissimi
1257 2569 1452 2647 Petri
1517 2571 2017 2667 Apostolorum
2079 2566 2435 2662 Principis

316 2693 406 2765 ah
469 2693 618 2787 ipso
672 2689 952 2768 Christo
1017 2691 1318 2767 Domino
1384 2697 1833 2769 commissum
1902 2693 2077 2766 illud
2144 2692 2217 2764 in
2282 2692 2438 2784 pri-

315 2815 446 2886 mis
501 2815 840 2907 postulat,
899 2825 976 2886 ut
1032 2813 1448 2906 singularem
1503 2813 1943 2906 diligentiam
2002 2834 2085 2884 ac
2140 2811 2438 2902 vigilan·

315 2937 491 3007 tiam
545 2937 994 3008 continenter
1031 2935 1505 3021 adhibeamus,
1545 2947 1628 3009 ut
1681 2931 2025 3008 Ecclesiis
2080 2933 2433 3025 cuiusque

313 3055 544 3149 gentis
601 3056 718 3131 vel
775 3059 954 3132 ritus
1009 3056 1200 3149 digni
1239 3070 1448 3150 atque
1487 3056 1719 3130 idonei
1778 3055 2279 3152 praeficiantur
2326 3073 2439 3124 sa·-

315 3197 592 3250 crorum
645 3170 1046 3249 Antistites.
1097 3171 1252 3266 Qua
1307 3177 1394 3248 de
1446 3199 1665 3251 causa
1722 3197 1887 3250 cum
1941 3186 2175 3248 certas
2230 3193 2439 3266 quas-

313 3297 471 3369 dam
525 3299 804 3389 regulas
859 3319 982 3390 pro
1037 3298 1384 3372 electione
1421 3295 1937 3391 Episcoporum
1991 3297 2067 3376 iu
2104 3289 2439 3366 Armenio

314 3413 800 3491 Patriarchatu
835 3429 1176 3512 perpetuo
1216 3420 1608 3494 servandas
1666 3418 2177 3519 indicet-emm,
2210 3415 2441 3505 palam

312 3539 652 3612 ediximus
704 3551 849 3611 tam
893 3539 966 3611 in
1015 3537 1498 3612 consistoriali
1557 3535 2007 3612 Allocutione
2061 3534 2305 3607 hahita
2340 3527 2435 3602 lv
2483 3586 2490 3594 .

311 3657 474 3732 Idus
527 3655 736 3732 Iulias
787 3662 957 3733 anni
1002 3651 1238 3739 1867,
1275 3681 1490 3754 quam
1545 3661 1620 3731 in
1668 3653 1924 3732 Nostra
1978 3649 2441 3731 Constitutio-

313 3803 428 3864 ne,
459 3801 640 3874 quae
695 3780 944 3874 incipit
997 3775 1474 3866 Reversurus,
1506 3780 1695 3855 edita
1758 3779 2005 3853 eodem
2071 3777 2210 3859 die,
2270 3794 2439 3866 gra-

313 3901 686 3975 vissimum
737 3901 868 3975 hoc
925 3903 1287 3996 negotium
1351 3904 1424 3974 in
1477 3901 1763 3998 reliquis
1833 3919 2117 3995 quoque
2171 3892 2437 3968 Orien-

311 4020 470 4094 talis
535 4017 742 4094 Ritus
805 4019 1413 4096 patriarchatibus
1480 4017 1621 4097 Nos
1698 4016 2214 4117 quamprimum
2288 4013 2437 4086 fore

311 4142 824 4216 moderatores·
1772 4161 1779 4167 ·
1949 4131 1953 4134 ’

527 4256 727 4351 Quae
784 4263 1015 4336 omnia
1069 4259 1254 4337 Ven.
1313 4260 1430 4337 Fr.
1472 4261 1807 4359 Iosephus
1861 4259 2265 4336 Patriarcha
2302 4254 2439 4331 Ba-

314 4383 652 4478 bylonen.
695 4377 1240 4470 Chaldaeorum,
1279 4385 1366 4459 ad
1401 4405 1614 4482 quem
1651 4380 1828 4459 Acta
1868 4386 2208 4482 praedicti
2243 4384 2439 4463 Con-
