3292 5275
302 664 509 734 supra
576 642 1291 715 dismembrandarum
1366 640 1672 736 alibique
1750 641 2420 732 inoorporandurum

298 760 782 835 Paroeciarum
862 784 1233 854 personna,
1270 762 1479 845 bona,
1522 782 1663 845 rea,
1703 773 1780 835 et
1825 782 2192 855 quaequae
2233 762 2415 846 iura,

301 886 668 977 diligenter
724 882 1169 977 inquirantur
1223 892 1295 955 et
1353 896 1816 958 secernantur
1887 904 1928 955 a
2007 884 2424 975 respectivis

302 1003 757 1081 Canceliariis
814 1006 1373 1097 uniuscuiusque
1432 998 1940 1097 EpiscopatuS,
1981 1005 2097 1077 eui
2145 1004 2428 1076 eaedem

301 1123 675 1197 Par-oeeiae
716 1124 1051 1198 haetenus
1097 1125 1487 1197 extiterunt
1526 1125 1850 1197 addictae
1863 1145 1890 1212 ;
1930 1124 2230 1216 indeque
2269 1147 2432 1216 pro-

301 1248 477 1321 teoto
536 1247 945 1319 deferantur
996 1246 1079 1317 ad
1138 1262 1261 1319 ens
1320 1245 1760 1339 respectivas
1810 1241 2288 1318 Cancellarias
2345 1269 2432 1319 u-

302 1368 799 1459 niuscuiusque
831 1362 1326 1459 EpiscopatuS,
1358 1368 1565 1441 euius
1597 1368 1842 1439 favore
1886 1365 2159 1437 decreta
2189 1378 2298 1440 est
2325 1367 2430 1439 uti

303 1509 513 1583 supra
550 1487 889 1562 moderna
936 1490 1413 1581 incorporatio
1454 1500 1671 1581 atque
1713 1487 2130 1559 adiudicatio
2164 1510 2184 1558 ε
2227 1509 2432 1579 prae-

304 1622 441 1681 stat
494 1609 681 1681 enim
737 1620 815 1681 ut
870 1630 953 1681 ea
1011 1630 1329 1701 quaeque
1387 1607 1822 1681 hiuseemodi
1877 1608 2296 1685 documenta
2355 1611 2428 1681 in

302 1751 719 1823 unaquaque
776 1732 1173 1822 respective
1228 1730 1603 1823 subrogata
1660 1726 2102 1805 Caneeilaria
2155 1730 2430 1823 episeo-

302 1852 443 1943 pali
480 1862 980 1943 congerantur,
1022 1860 1092 1923 et
1132 1851 1219 1922 ad
1258 1871 1776 1943 quamcumque
1831 1850 2428 1943 opportunitatem

300 1972 753 2063 probabiliter
807 1981 1393 2063 superventuram
1450 1970 1758 2045 fideliter
1813 1972 2322 2045 custodiantur.

1322 2156 1409 2232 X.

512 2329 901 2408 Enimvero
954 2332 1143 2407 hisee
1194 2336 1515 2409 omnibus
1572 2338 1674 2407 ita
1735 2334 2118 2428 dispositis»,
2167 2338 2434 2409 eonsti-

303 2456 473 2529 tutis
529 2467 739 2549 atque
798 2456 1124 2539 sancitis,
1184 2455 1371 2535 idem
1444 2454 1779 2529 Summus
1857 2450 2208 2542 Pontifex,
2265 2478 2435 2529 eon·-

301 2577 537 2648 trariis
591 2574 1151 2672 quibuscumque
1210 2576 1493 2670 speciali
1548 2578 1874 2673 quamvis
1913 2578 2272 2650 mentione
2327 2578 2436 2650 di-

298 2698 451 2790 gnis
510 2697 801 2768 minime
858 2697 1327 2784 obstantibnS,
1382 2701 1496 2771 vel
1548 2700 1680 2784 eis,
1737 2700 1827 2773 nd
1883 2700 2016 2771 hoo
2070 2698 2434 2772 dumtaxat

298 2815 692 2911 negotium,
736 2817 929 2890 illata
984 2819 1459 2913 derogatione,
1504 2821 1754 2893 maluit
1807 2820 2168 2894 declarare
2224 2831 2434 2914 atque

300 2959 587 3026 cavere,
624 2939 869 3033 nequis
926 2961 1240 3032 unquam
1294 2940 1544 3012 audeat
1598 2943 1754 3012 sive
1810 2941 2242 3033 obreptionis
2279 2937 2434 3026 aive

306 3059 787 3152 subreptionis
846 3061 1002 3134 sive
1058 3059 1334 3133 demum
1390 3061 1681 3135 alterius
1737 3063 2234 3153 euinseumque
2281 3080 2437 3153 spe·

300 3178 439 3252 eiei
506 3181 681 3252 vitio
740 3192 1013 3264 notare,
1072 3183 1557 3276 ullatenusque
1623 3183 2060 3277 impugnare,
2115 3201 2302 3276 quae
2359 3181 2434 3266 in

300 3301 435 3374 hoe
482 3297 781 3374 Decreto
835 3303 1155 3394 exposita
1208 3315 1281 3374 et
1334 3303 1662 3376 mandata
1713 3313 1898 3374 sunt.

1272 3561 1283 3570 .
1312 3487 1436 3567 XI.

518 3679 596 3755 ln
654 3679 1053 3758 huiusmodi
1112 3693 1348 3755 nutem
1404 3679 1686 3756 Decreti
1741 3677 2266 3778 Exequutorem
2297 3673 2438 3756 ‘'di-

302 3817 563 3902 gnatus
619 3817 729 3878 est
808 3803 1155 3899 deputare
1242 3803 1311 3874 in
1396 3805 1643 3898 primia
1710 3799 1796 3875 R.
1854 3799 1935 3874 Ρ.
1993 3800 2082 3877 Ι).
2140 3799 2432 3878 Petrum

302 3927 755 4002 Franciseum
812 3922 1064 4020 Meglia
1123 3923 1635 4000 Damascenum
1675 3923 2306 4020 Arebiepiseopum
2360 3937 2436 3998 et

307 4047 787 4144 Apostolieum
842 4043 1179 4122 Nuntium
1261 4067 1476 4142 penes
1530 4043 1884 4120 Gallicum
1955 4043 2434 4137 Gubernium3

304 4171 433 4244 sed
488 4171 673 4241 enim
710 4189 947 4272 ,super
1002 4169 1089 4240 iis
1176 4169 1659 4244 tantummodo
1715 4189 1896 4260 quae
1971 4179 2298 4261 spectant
2349 4169 2439 4241 ad

302 4289 613 4383 singulas
672 4290 1335 4362 dismembrationes
1392 4298 2038 4382 consequentesque
2113 4289 2442 4382 incorpo-

306 4413 623 4484 rationes
676 4411 783 4483 uti
838 4429 1051 4504 supra
1108 4408 1633 4501 designatorum
1687 4409 2008 4482 locorum
2055 4419 2131 4481 et
2169 4403 2438 4482 Par-oe*-

1899 4533 2008 4615 22
