3292 5275
2234 474 2380 570 161

1063 618 1613 716 EPISTOLA
2304 626 2311 633 ’
2398 663 2405 671 ·

477 906 766 957 ΒΙΒΒΟΤΙΒ
821 906 1006 956 runs
1059 906 1346 957 Palu-:sim
1405 908 1488 957 m·
1547 906 1888 958 sonALles
1942 908 2199 961 cmcvu

1019 1024 1242 1075 saner!
1297 1024 1612 1075 Aunnosn.

1563 1238 1969 1292 mlouuvu

973 1852 1224 1950 1>le
1287 1851 1454 1946 PP.
1529 1852 1684 1949 IX.

325 2236 580 2289 nuncu
625 2236 798 2301 Fan,
835 2232 1120 2285 SALvTssu
1174 2234 1257 2285 ΕΤ
1316 2232 1739 2287 ΛΡΟΒΤΟΙΛΟΔΠ
1794 2234 2327 2287 ΒΕΝΕΒΙΕΤῙΟΝΕΗ.

265 2590 470 2754 Per
509 2681 902 2753 tristissima
935 2679 1108 2751 haee
1133 2675 1492 2752 Ecclesiae
1529 2680 2153 2770 tempora-allevat
2186 2691 2381 2753 certe

265 2802 574 2876 dolorem
629 2797 962 2872 Nostrum
1017 2800 1522 2872 catholicorum
1575 2801 1801 2885 zelus,
1860 2801 1982 2892 qui
2051 2801 2378 2893 propriae

263 2922 618 3014 religionis
671 2921 1134 2992 insectatione
1189 2928 1262 2992 et
1319 2921 1792 3010 proximorum
1846 2918 2154 3012 periculo
2193 2923 2383 2992 com-

259 3044 436 3116 moti
495 3041 701 3115 simul
757 3049 1042 3124 coeunt,
1099 3051 1174 3110 ut
1229 3039 1542 3132 apertius
1583 3041 1937 3132 propriam
1983 3039 2185 3112 fidem
2226 3061 2383 3133 pro·-

259 3161 619 3245 fiteantur,
680 3161 1059 3252 impensius
1115 3161 1527 3232 incumbunt
1568 3160 2001 3232 retrahendis
2038 3160 2374 3233 fratribus

259 3307 302 3356 a
342 3284 680 3374 periculo,
717 3281 1104 3354 studiosius
1143 3302 1217 3352 se
1253 3279 1616 3352 devovent
1650 3278 2169 3352 misericordiae
2210 3300 2381 3370 ope-

258 3404 479 3489 ribus,
521 3423 600 3476 ac
637 3404 708 3472 in
765 3423 850 3473 eo
907 3402 1324 3492 praesertim
1379 3399 1673 3490 gloriam
1728 3409 1929 3471 suam
1964 3409 2265 3490 ponunt,
2298 3411 2379 3473 ut

255 3545 334 3595 se
388 3519 602 3596 Nobis
659 3521 1170 3594 addictissimus
1226 3521 1606 3613 praebeant
1672 3520 2371 3612 obsequentissimus·-

255 3663 394 3736 que
449 3642 886 3715 documentis
939 3641 1152 3715 huius
1205 3637 1598 3714 Cathedrae
1652 3641 2009 3723 veritatis,
2066 3660 2149 3714 ac
2216 3641 2376 3712 uni-

257 3765 423 3836 tatis
461 3762 844 3836 catholicae
882 3761 1136 3836 centri.
1178 3756 1649 3834 observantia
1700 3761 1889 3832 enim
1945 3761 2115 3832 haec
2170 3761 2377 3834 indu-

249 3885 370 3956 bia
424 3893 532 3955 est
587 3895 843 3956 tessera
884 3881 1182 3956 filiorum
1219 3879 1640 3970 Ecclesiae3
1693 3890 1766 3954 et
1816 3881 1969 3972 ipsa
2006 3881 2373 3955 constituit

247 4003 858 4096 inexpugnabilem
911 4004 1057 4075 vim
1091 4001 1285 4074 illam
1311 4002 1649 4086 unitatis»,
1692 4021 1874 4094 quae
1916 4000 2062 4074 sola
2124 4011 2372 4075 retuna

247 4125 440 4222 dci-e⁸
468 4133 701 4216 potest
755 4143 1038 4199 osorum
1075 4123 1264 4196 illius
1301 4123 1628 4205 furorem,
1672 4120 1934 4206 dolum,
1978 4119 2365 4195 audaciam.

247 4239 348 4316 Et
405 4265 570 4316 sane
651 4245 774 4338 qui
831 4243 1132 4316 indolem
1215 4241 1608 4316 consideret
1670 4241 1951 4316 conflati
2027 4241 2367 4316 adversus

248 4359 630 4438 Ecclesiam
682 4364 848 4438 belli
905 4364 1102 4438 facile
1159 4361 1494 4453 intelliget
1547 4380 1785 4439 omncs
1842 4363 2153 4436 hostium
2208 4383 2369 4436 ma-

1847 4486 1935 4568 11
