<?xml version="1.0" encoding="UTF-8"?>
<!DOCTYPE html PUBLIC "-//W3C//DTD XHTML 1.0 Transitional//EN"
    "http://www.w3.org/TR/xhtml1/DTD/xhtml1-transitional.dtd">
<html xmlns="http://www.w3.org/1999/xhtml" xml:lang="en" lang="en">
 <head>
  <title>
</title>
<meta http-equiv="Content-Type" content="text/html;charset=utf-8" />
  <meta name='ocr-system' content='tesseract 3.04.00' />
  <meta name='ocr-capabilities' content='ocr_page ocr_carea ocr_par ocr_line ocrx_word'/>
</head>
<body>
  <div class='ocr_page' id='page_1' title='image "./piiixpontificis01ixgoog_0648.png"; bbox 0 0 3292 5275; ppageno 0'>
   <div class='ocr_carea' id='block_1_1' title="bbox 889 459 1050 544">
    <p class='ocr_par' dir='ltr' id='par_1_1' title="bbox 889 459 1050 544">
     <span class='ocr_line' id='line_1_1' title="bbox 889 459 1050 544; baseline -0.012 0"><span class='ocrx_word' id='word_1_1' title='bbox 889 459 1050 544; x_wconf 68' lang='lat'><strong>254</strong></span> 
     </span>
    </p>
   </div>
   <div class='ocr_carea' id='block_1_2' title="bbox 891 601 3043 4441">
    <p class='ocr_par' dir='ltr' id='par_1_2' title="bbox 891 601 3043 4441">
     <span class='ocr_line' id='line_1_2' title="bbox 891 601 3033 696; baseline 0.002 -22"><span class='ocrx_word' id='word_1_2' title='bbox 891 604 1022 675; x_wconf 86' lang='lat' dir='ltr'><strong>bns</strong></span> <span class='ocrx_word' id='word_1_3' title='bbox 1077 601 1378 676; x_wconf 86' lang='lat' dir='ltr'><strong>humana</strong></span> <span class='ocrx_word' id='word_1_4' title='bbox 1430 601 1668 674; x_wconf 86' lang='lat' dir='ltr'><strong>omnia</strong></span> <span class='ocrx_word' id='word_1_5' title='bbox 1722 614 1794 674; x_wconf 90' lang='lat' dir='ltr'><strong>et</strong></span> <span class='ocrx_word' id='word_1_6' title='bbox 1845 601 2085 676; x_wconf 82' lang='lat' dir='ltr'><strong>divina</strong></span> <span class='ocrx_word' id='word_1_7' title='bbox 2138 603 2534 696; x_wconf 86' lang='lat' dir='ltr'><strong>promiscua</strong></span> <span class='ocrx_word' id='word_1_8' title='bbox 2582 613 2773 688; x_wconf 85' lang='lat' dir='ltr'><strong>sunt,</strong></span> <span class='ocrx_word' id='word_1_9' title='bbox 2818 607 3033 679; x_wconf 86' lang='lat' dir='ltr'><strong>nulla</strong></span> 
     </span>
     <span class='ocr_line' id='line_1_3' title="bbox 891 721 3032 816; baseline 0.001 -20"><span class='ocrx_word' id='word_1_10' title='bbox 891 725 1106 796; x_wconf 82' lang='lat' dir='ltr'><strong>ferme</strong></span> <span class='ocrx_word' id='word_1_11' title='bbox 1182 721 1330 794; x_wconf 90' lang='lat' dir='ltr'><strong>dies</strong></span> <span class='ocrx_word' id='word_1_12' title='bbox 1408 722 1733 804; x_wconf 84' lang='lat' dir='ltr'><strong>transiit,</strong></span> <span class='ocrx_word' id='word_1_13' title='bbox 1790 722 1957 816; x_wconf 88' lang='lat' dir='ltr'><strong>quin</strong></span> <span class='ocrx_word' id='word_1_14' title='bbox 2012 721 2164 806; x_wconf 82' lang='lat' dir='ltr'><strong>aliis</strong></span> <span class='ocrx_word' id='word_1_15' title='bbox 2231 731 2438 816; x_wconf 87' lang='lat' dir='ltr'><strong>atque</strong></span> <span class='ocrx_word' id='word_1_16' title='bbox 2504 722 2654 794; x_wconf 86' lang='lat' dir='ltr'><strong>aliis</strong></span> <span class='ocrx_word' id='word_1_17' title='bbox 2730 726 3032 798; x_wconf 90' lang='lat' dir='ltr'><strong>iniuriis</strong></span> 
     </span>
     <span class='ocr_line' id='line_1_4' title="bbox 895 839 3033 938; baseline 0.003 -24"><span class='ocrx_word' id='word_1_18' title='bbox 895 853 1104 938; x_wconf 86' lang='lat' dir='ltr'><strong>atque</strong></span> <span class='ocrx_word' id='word_1_19' title='bbox 1163 844 1657 918; x_wconf 83' lang='lat' dir='ltr'><strong>vexationibus</strong></span> <span class='ocrx_word' id='word_1_20' title='bbox 1710 841 1901 914; x_wconf 91' lang='lat' dir='ltr'><strong>cordi</strong></span> <span class='ocrx_word' id='word_1_21' title='bbox 1955 839 2206 918; x_wconf 87' lang='lat' dir='ltr'><strong>Nostro</strong></span> <span class='ocrx_word' id='word_1_22' title='bbox 2260 845 2405 916; x_wconf 84' lang='lat' dir='ltr'><strong>iam</strong></span> <span class='ocrx_word' id='word_1_23' title='bbox 2468 843 2709 918; x_wconf 85' lang='lat' dir='ltr'><strong>saucio</strong></span> <span class='ocrx_word' id='word_1_24' title='bbox 2746 867 3033 920; x_wconf 82' lang='lat' dir='ltr'><strong>novum</strong></span> 
     </span>
     <span class='ocr_line' id='line_1_5' title="bbox 891 961 3036 1057; baseline 0.002 -21"><span class='ocrx_word' id='word_1_25' title='bbox 891 964 1178 1057; x_wconf 81' lang='lat' dir='ltr'><strong>aliquod</strong></span> <span class='ocrx_word' id='word_1_26' title='bbox 1231 965 1488 1038; x_wconf 86' lang='lat' dir='ltr'><strong>vulnus</strong></span> <span class='ocrx_word' id='word_1_27' title='bbox 1543 963 2011 1056; x_wconf 80' lang='lat' dir='ltr'><strong>infligeretur.</strong></span> <span class='ocrx_word' id='word_1_28' title='bbox 2045 961 2437 1038; x_wconf 79' lang='lat' dir='ltr'><strong>Personam</strong></span> <span class='ocrx_word' id='word_1_29' title='bbox 2474 966 2703 1038; x_wconf 87' lang='lat' dir='ltr'><strong>adhuc</strong></span> <span class='ocrx_word' id='word_1_30' title='bbox 2758 967 2847 1037; x_wconf 88' lang='lat' dir='ltr'><strong>ad</strong></span> <span class='ocrx_word' id='word_1_31' title='bbox 2885 991 3036 1040; x_wconf 85' lang='lat' dir='ltr'><strong>au·-</strong></span> 
     </span>
     <span class='ocr_line' id='line_1_6' title="bbox 892 1081 3031 1178; baseline 0.002 -22"><span class='ocrx_word' id='word_1_32' title='bbox 892 1106 1004 1157; x_wconf 88' lang='lat' dir='ltr'><strong>res</strong></span> <span class='ocrx_word' id='word_1_33' title='bbox 1040 1081 1327 1160; x_wconf 82' lang='lat' dir='ltr'><strong>Nostras</strong></span> <span class='ocrx_word' id='word_1_34' title='bbox 1381 1097 1673 1178; x_wconf 85' lang='lat' dir='ltr'><strong>questus</strong></span> <span class='ocrx_word' id='word_1_35' title='bbox 1729 1095 1802 1159; x_wconf 87' lang='lat' dir='ltr'><strong>et</strong></span> <span class='ocrx_word' id='word_1_36' title='bbox 1854 1087 2162 1176; x_wconf 79' lang='lat' dir='ltr'><strong>gemitus.</strong></span> <span class='ocrx_word' id='word_1_37' title='bbox 2195 1085 2509 1160; x_wconf 86' lang='lat' dir='ltr'><strong>virorum</strong></span> <span class='ocrx_word' id='word_1_38' title='bbox 2544 1097 2617 1158; x_wconf 90' lang='lat' dir='ltr'><strong>et</strong></span> <span class='ocrx_word' id='word_1_39' title='bbox 2652 1088 3031 1177; x_wconf 79' lang='lat' dir='ltr'><strong>virginum</strong></span> 
     </span>
     <span class='ocr_line' id='line_1_7' title="bbox 895 1205 3027 1300; baseline 0.001 -20"><span class='ocrx_word' id='word_1_40' title='bbox 895 1228 934 1280; x_wconf 92' lang='lat' dir='ltr'><strong>e</strong></span> <span class='ocrx_word' id='word_1_41' title='bbox 988 1205 1328 1298; x_wconf 77' lang='lat' dir='ltr'><strong>religiosis</strong></span> <span class='ocrx_word' id='word_1_42' title='bbox 1383 1205 1693 1290; x_wconf 81' lang='lat' dir='ltr'><strong>familiis,</strong></span> <span class='ocrx_word' id='word_1_43' title='bbox 1732 1227 1911 1300; x_wconf 89' lang='lat' dir='ltr'><strong>quae</strong></span> <span class='ocrx_word' id='word_1_44' title='bbox 1968 1229 2005 1276; x_wconf 86' lang='lat' dir='ltr'><strong>a</strong></span> <span class='ocrx_word' id='word_1_45' title='bbox 2060 1208 2205 1280; x_wconf 89' lang='lat' dir='ltr'><strong>suis</strong></span> <span class='ocrx_word' id='word_1_46' title='bbox 2264 1206 2547 1280; x_wconf 89' lang='lat' dir='ltr'><strong>sedibus</strong></span> <span class='ocrx_word' id='word_1_47' title='bbox 2602 1207 3027 1282; x_wconf 73' lang='lat' dir='ltr'><strong>exturbatae</strong></span> 
     </span>
     <span class='ocr_line' id='line_1_8' title="bbox 897 1327 3023 1420; baseline 0 -22"><span class='ocrx_word' id='word_1_48' title='bbox 897 1337 969 1398; x_wconf 88' lang='lat' dir='ltr'><strong>et</strong></span> <span class='ocrx_word' id='word_1_49' title='bbox 1005 1339 1309 1420; x_wconf 78' lang='lat' dir='ltr'><strong>egenteS,</strong></span> <span class='ocrx_word' id='word_1_50' title='bbox 1331 1327 1570 1398; x_wconf 90' lang='lat' dir='ltr'><strong>hostili</strong></span> <span class='ocrx_word' id='word_1_51' title='bbox 1633 1348 1825 1401; x_wconf 88' lang='lat' dir='ltr'><strong>more</strong></span> <span class='ocrx_word' id='word_1_52' title='bbox 1882 1327 2345 1418; x_wconf 78' lang='lat' dir='ltr'><strong>profligantur</strong></span> <span class='ocrx_word' id='word_1_53' title='bbox 2400 1347 2483 1399; x_wconf 89' lang='lat' dir='ltr'><strong>ac</strong></span> <span class='ocrx_word' id='word_1_54' title='bbox 2540 1327 3023 1416; x_wconf 88' lang='lat' dir='ltr'><strong>disiiciuntur,</strong></span> 
     </span>
     <span class='ocr_line' id='line_1_9' title="bbox 896 1447 3025 1541; baseline 0.001 -21"><span class='ocrx_word' id='word_1_55' title='bbox 896 1449 1478 1541; x_wconf 87' lang='lat' dir='ltr'><strong>quemadmodum</strong></span> <span class='ocrx_word' id='word_1_56' title='bbox 1536 1451 1607 1519; x_wconf 89' lang='lat' dir='ltr'><strong>in</strong></span> <span class='ocrx_word' id='word_1_57' title='bbox 1667 1448 1751 1520; x_wconf 90' lang='lat' dir='ltr'><strong>iis</strong></span> <span class='ocrx_word' id='word_1_58' title='bbox 1807 1450 1981 1520; x_wconf 90' lang='lat' dir='ltr'><strong>locis</strong></span> <span class='ocrx_word' id='word_1_59' title='bbox 2036 1447 2189 1520; x_wconf 89' lang='lat' dir='ltr'><strong>fieri</strong></span> <span class='ocrx_word' id='word_1_60' title='bbox 2250 1451 2428 1520; x_wconf 89' lang='lat' dir='ltr'><strong>solet</strong></span> <span class='ocrx_word' id='word_1_61' title='bbox 2474 1450 2895 1540; x_wconf 90' lang='lat' dir='ltr'><strong>ubicumque</strong></span> <span class='ocrx_word' id='word_1_62' title='bbox 2934 1471 3025 1522; x_wconf 84' lang='lat' dir='ltr'><strong>ea</strong></span> 
     </span>
     <span class='ocr_line' id='line_1_10' title="bbox 897 1568 3031 1662; baseline 0 -25"><span class='ocrx_word' id='word_1_63' title='bbox 897 1568 1108 1640; x_wconf 82' lang='lat' dir='ltr'><strong>factio</strong></span> <span class='ocrx_word' id='word_1_64' title='bbox 1162 1568 1580 1652; x_wconf 80' lang='lat' dir='ltr'><strong>dominatur,</strong></span> <span class='ocrx_word' id='word_1_65' title='bbox 1621 1590 1804 1662; x_wconf 83' lang='lat' dir='ltr'><strong>quae</strong></span> <span class='ocrx_word' id='word_1_66' title='bbox 1844 1569 1930 1640; x_wconf 86' lang='lat' dir='ltr'><strong>ad</strong></span> <span class='ocrx_word' id='word_1_67' title='bbox 1976 1571 2309 1642; x_wconf 82' lang='lat' dir='ltr'><strong>socialem</strong></span> <span class='ocrx_word' id='word_1_68' title='bbox 2348 1569 2673 1640; x_wconf 85' lang='lat' dir='ltr'><strong>ordinem</strong></span> <span class='ocrx_word' id='word_1_69' title='bbox 2728 1589 3031 1662; x_wconf 83' lang='lat' dir='ltr'><strong>perver-</strong></span> 
     </span>
     <span class='ocr_line' id='line_1_11' title="bbox 897 1687 3027 1784; baseline 0 -24"><span class='ocrx_word' id='word_1_70' title='bbox 897 1687 1186 1760; x_wconf 85' lang='lat' dir='ltr'><strong>tendum</strong></span> <span class='ocrx_word' id='word_1_71' title='bbox 1229 1689 1581 1777; x_wconf 81' lang='lat' dir='ltr'><strong>intendit3</strong></span> <span class='ocrx_word' id='word_1_72' title='bbox 1619 1691 1875 1784; x_wconf 87' lang='lat' dir='ltr'><strong>quippe</strong></span> <span class='ocrx_word' id='word_1_73' title='bbox 1917 1693 2142 1776; x_wconf 88' lang='lat' dir='ltr'><strong>velut,</strong></span> <span class='ocrx_word' id='word_1_74' title='bbox 2184 1688 2567 1763; x_wconf 79' lang='lat' dir='ltr'><strong>Athanasio</strong></span> <span class='ocrx_word' id='word_1_75' title='bbox 2628 1703 2831 1776; x_wconf 88' lang='lat' dir='ltr'><strong>teste,</strong></span> <span class='ocrx_word' id='word_1_76' title='bbox 2868 1711 3027 1760; x_wconf 87' lang='lat' dir='ltr'><strong>ma-</strong></span> 
     </span>
     <span class='ocr_line' id='line_1_12' title="bbox 901 1808 3025 1915; baseline 0.004 -37"><span class='ocrx_word' id='word_1_77' title='bbox 901 1829 1079 1899; x_wconf 82' lang='lat' dir='ltr'><strong>gnus</strong></span> <span class='ocrx_word' id='word_1_78' title='bbox 1135 1809 1493 1902; x_wconf 81' lang='lat' dir='ltr'><strong>inquiebat</strong></span> <span class='ocrx_word' id='word_1_79' title='bbox 1549 1808 1924 1900; x_wconf 84' lang='lat' dir='ltr'><strong>Antonius,</strong></span> <span class='ocrx_word' id='word_1_80' title='bbox 1965 1833 2205 1915; x_wconf 82' lang='lat' dir='ltr'><strong>omnes</strong></span> <span class='ocrx_word' id='word_1_81' title='bbox 2258 1813 2541 1906; x_wconf 88' lang='lat' dir='ltr'><strong>quidem</strong></span> <span class='ocrx_word' id='word_1_82' title='bbox 2598 1813 3025 1886; x_wconf 86' lang='lat' dir='ltr'><strong>christianos</strong></span> 
     </span>
     <span class='ocr_line' id='line_1_13' title="bbox 899 1927 3029 2026; baseline 0.001 -26"><span class='ocrx_word' id='word_1_83' title='bbox 899 1928 1212 2000; x_wconf 83' lang='lat' dir='ltr'><strong>diabolus</strong></span> <span class='ocrx_word' id='word_1_84' title='bbox 1267 1931 1440 2012; x_wconf 89' lang='lat' dir='ltr'><strong>odit,</strong></span> <span class='ocrx_word' id='word_1_85' title='bbox 1480 1932 1600 2002; x_wconf 88' lang='lat' dir='ltr'><strong>sed</strong></span> <span class='ocrx_word' id='word_1_86' title='bbox 1659 1932 1911 2022; x_wconf 90' lang='lat' dir='ltr'><strong>probos</strong></span> <span class='ocrx_word' id='word_1_87' title='bbox 1970 1935 2377 2015; x_wconf 81' lang='lat' dir='ltr'><strong>monachoS,</strong></span> <span class='ocrx_word' id='word_1_88' title='bbox 2420 1927 2827 2026; x_wconf 78' lang='lat' dir='ltr'><strong>Christique</strong></span> <span class='ocrx_word' id='word_1_89' title='bbox 2870 1937 3029 2008; x_wconf 88' lang='lat' dir='ltr'><strong>vir-</strong></span> 
     </span>
     <span class='ocr_line' id='line_1_14' title="bbox 901 2049 3025 2148; baseline 0.002 -27"><span class='ocrx_word' id='word_1_90' title='bbox 901 2049 1092 2144; x_wconf 83' lang='lat' dir='ltr'><strong>gines</strong></span> <span class='ocrx_word' id='word_1_91' title='bbox 1151 2052 1444 2123; x_wconf 82' lang='lat' dir='ltr'><strong>tolerare</strong></span> <span class='ocrx_word' id='word_1_92' title='bbox 1503 2052 1694 2122; x_wconf 91' lang='lat' dir='ltr'><strong>nullo</strong></span> <span class='ocrx_word' id='word_1_93' title='bbox 1750 2053 1956 2124; x_wconf 92' lang='lat' dir='ltr'><strong>modo</strong></span> <span class='ocrx_word' id='word_1_94' title='bbox 2014 2065 2263 2144; x_wconf 86' lang='lat' dir='ltr'><strong>potest.</strong></span> <span class='ocrx_word' id='word_1_95' title='bbox 2308 2051 2486 2126; x_wconf 89' lang='lat' dir='ltr'><strong>lllud</strong></span> <span class='ocrx_word' id='word_1_96' title='bbox 2524 2055 2739 2125; x_wconf 89' lang='lat' dir='ltr'><strong>etiam</strong></span> <span class='ocrx_word' id='word_1_97' title='bbox 2790 2077 3025 2148; x_wconf 82' lang='lat' dir='ltr'><strong>nuper</strong></span> 
     </span>
     <span class='ocr_line' id='line_1_15' title="bbox 904 2172 3026 2265; baseline 0.002 -19"><span class='ocrx_word' id='word_1_98' title='bbox 904 2173 1231 2256; x_wconf 89' lang='lat' dir='ltr'><strong>vidimus,</strong></span> <span class='ocrx_word' id='word_1_99' title='bbox 1269 2172 1450 2264; x_wconf 92' lang='lat' dir='ltr'><strong>quod</strong></span> <span class='ocrx_word' id='word_1_100' title='bbox 1493 2193 1847 2265; x_wconf 88' lang='lat' dir='ltr'><strong>nunquam</strong></span> <span class='ocrx_word' id='word_1_101' title='bbox 1900 2174 2219 2248; x_wconf 81' lang='lat' dir='ltr'><strong>futurum</strong></span> <span class='ocrx_word' id='word_1_102' title='bbox 2276 2175 2831 2264; x_wconf 83' lang='lat' dir='ltr'><strong>suspicabamur,</strong></span> <span class='ocrx_word' id='word_1_103' title='bbox 2892 2201 3026 2250; x_wconf 90' lang='lat' dir='ltr'><strong>su-</strong></span> 
     </span>
     <span class='ocr_line' id='line_1_16' title="bbox 899 2287 3027 2388; baseline 0.003 -25"><span class='ocrx_word' id='word_1_104' title='bbox 899 2293 1160 2364; x_wconf 89' lang='lat' dir='ltr'><strong>blatam</strong></span> <span class='ocrx_word' id='word_1_105' title='bbox 1215 2303 1286 2363; x_wconf 91' lang='lat' dir='ltr'><strong>et</strong></span> <span class='ocrx_word' id='word_1_106' title='bbox 1342 2293 1666 2366; x_wconf 83' lang='lat' dir='ltr'><strong>abolitam</strong></span> <span class='ocrx_word' id='word_1_107' title='bbox 1710 2287 2249 2368; x_wconf 86' lang='lat' dir='ltr'><strong>Universitatem</strong></span> <span class='ocrx_word' id='word_1_108' title='bbox 2288 2291 2611 2369; x_wconf 86' lang='lat' dir='ltr'><strong>Nostram</strong></span> <span class='ocrx_word' id='word_1_109' title='bbox 2640 2293 3027 2388; x_wconf 80' lang='lat' dir='ltr'><strong>Gregoria—</strong></span> 
     </span>
     <span class='ocr_line' id='line_1_17' title="bbox 903 2408 3026 2516; baseline 0.002 -31"><span class='ocrx_word' id='word_1_110' title='bbox 903 2435 1062 2487; x_wconf 84' lang='lat' dir='ltr'><strong>nam</strong></span> <span class='ocrx_word' id='word_1_111' title='bbox 1119 2413 1276 2486; x_wconf 92' lang='lat' dir='ltr'><strong>ideo</strong></span> <span class='ocrx_word' id='word_1_112' title='bbox 1332 2413 1747 2496; x_wconf 87' lang='lat' dir='ltr'><strong>institutam,</strong></span> <span class='ocrx_word' id='word_1_113' title='bbox 1789 2425 1865 2485; x_wconf 89' lang='lat' dir='ltr'><strong>ut</strong></span> <span class='ocrx_word' id='word_1_114' title='bbox 1920 2414 2006 2484; x_wconf 91' lang='lat' dir='ltr'><strong>ad</strong></span> <span class='ocrx_word' id='word_1_115' title='bbox 2062 2437 2213 2486; x_wconf 86' lang='lat' dir='ltr'><strong>eam</strong></span> <span class='ocrx_word' id='word_1_116' title='bbox 2268 2408 2520 2516; x_wconf 83' lang='lat' dir='ltr'><strong>(iuxta</strong></span> <span class='ocrx_word' id='word_1_117' title='bbox 2574 2419 2847 2489; x_wconf 80' lang='lat' dir='ltr'><strong>veteris</strong></span> <span class='ocrx_word' id='word_1_118' title='bbox 2889 2441 3026 2490; x_wconf 87' lang='lat' dir='ltr'><strong>au-</strong></span> 
     </span>
     <span class='ocr_line' id='line_1_18' title="bbox 900 2529 3027 2626; baseline 0.002 -19"><span class='ocrx_word' id='word_1_119' title='bbox 900 2535 1115 2607; x_wconf 88' lang='lat' dir='ltr'><strong>ctoris</strong></span> <span class='ocrx_word' id='word_1_120' title='bbox 1189 2535 1473 2606; x_wconf 80' lang='lat' dir='ltr'><strong>effatum</strong></span> <span class='ocrx_word' id='word_1_121' title='bbox 1549 2535 1633 2605; x_wconf 90' lang='lat' dir='ltr'><strong>de</strong></span> <span class='ocrx_word' id='word_1_122' title='bbox 1706 2529 2019 2606; x_wconf 88' lang='lat' dir='ltr'><strong>Romana</strong></span> <span class='ocrx_word' id='word_1_123' title='bbox 2086 2533 2705 2626; x_wconf 78' lang='lat' dir='ltr'><strong>Anglo-saxonum</strong></span> <span class='ocrx_word' id='word_1_124' title='bbox 2780 2539 3027 2612; x_wconf 81' lang='lat' dir='ltr'><strong>schola</strong></span> 
     </span>
     <span class='ocr_line' id='line_1_19' title="bbox 905 2640 3017 2753; baseline 0.002 -26"><span class='ocrx_word' id='word_1_125' title='bbox 905 2649 1298 2752; x_wconf 80' lang='lat' dir='ltr'><strong>scribentis)</strong></span> <span class='ocrx_word' id='word_1_126' title='bbox 1355 2656 1663 2729; x_wconf 86' lang='lat' dir='ltr'><strong>iuniores</strong></span> <span class='ocrx_word' id='word_1_127' title='bbox 1700 2640 1938 2727; x_wconf 87' lang='lat' dir='ltr'><strong>clerici</strong></span> <span class='ocrx_word' id='word_1_128' title='bbox 1976 2676 2015 2729; x_wconf 88' lang='lat' dir='ltr'><strong>e</strong></span> <span class='ocrx_word' id='word_1_129' title='bbox 2064 2656 2464 2751; x_wconf 81' lang='lat' dir='ltr'><strong>longinquis</strong></span> <span class='ocrx_word' id='word_1_130' title='bbox 2520 2657 2740 2727; x_wconf 89' lang='lat' dir='ltr'><strong>etiam</strong></span> <span class='ocrx_word' id='word_1_131' title='bbox 2794 2660 3017 2753; x_wconf 82' lang='lat' dir='ltr'><strong>regio·-</strong></span> 
     </span>
     <span class='ocr_line' id='line_1_20' title="bbox 905 2774 3032 2853; baseline 0.002 -7"><span class='ocrx_word' id='word_1_132' title='bbox 905 2776 1106 2847; x_wconf 88' lang='lat' dir='ltr'><strong>nibus</strong></span> <span class='ocrx_word' id='word_1_133' title='bbox 1158 2775 1231 2846; x_wconf 91' lang='lat' dir='ltr'><strong>in</strong></span> <span class='ocrx_word' id='word_1_134' title='bbox 1284 2776 1604 2850; x_wconf 83' lang='lat' dir='ltr'><strong>doctrina</strong></span> <span class='ocrx_word' id='word_1_135' title='bbox 1659 2783 1731 2847; x_wconf 91' lang='lat' dir='ltr'><strong>et</strong></span> <span class='ocrx_word' id='word_1_136' title='bbox 1786 2774 1919 2847; x_wconf 85' lang='lat' dir='ltr'><strong>fide</strong></span> <span class='ocrx_word' id='word_1_137' title='bbox 1978 2777 2319 2849; x_wconf 85' lang='lat' dir='ltr'><strong>catholica</strong></span> <span class='ocrx_word' id='word_1_138' title='bbox 2382 2778 2751 2849; x_wconf 88' lang='lat' dir='ltr'><strong>erudiendi</strong></span> <span class='ocrx_word' id='word_1_139' title='bbox 2820 2782 3032 2853; x_wconf 76' lang='lat' dir='ltr'><strong>veni-</strong></span> 
     </span>
     <span class='ocr_line' id='line_1_21' title="bbox 905 2896 3029 2991; baseline 0.002 -22"><span class='ocrx_word' id='word_1_140' title='bbox 905 2906 1094 2981; x_wconf 85' lang='lat' dir='ltr'><strong>rent,</strong></span> <span class='ocrx_word' id='word_1_141' title='bbox 1125 2918 1216 2969; x_wconf 90' lang='lat' dir='ltr'><strong>ne</strong></span> <span class='ocrx_word' id='word_1_142' title='bbox 1251 2896 1422 2991; x_wconf 90' lang='lat' dir='ltr'><strong>quid</strong></span> <span class='ocrx_word' id='word_1_143' title='bbox 1475 2897 1548 2969; x_wconf 90' lang='lat' dir='ltr'><strong>in</strong></span> <span class='ocrx_word' id='word_1_144' title='bbox 1605 2900 1747 2970; x_wconf 88' lang='lat' dir='ltr'><strong>suis</strong></span> <span class='ocrx_word' id='word_1_145' title='bbox 1805 2900 2122 2972; x_wconf 87' lang='lat' dir='ltr'><strong>ecclesiis</strong></span> <span class='ocrx_word' id='word_1_146' title='bbox 2176 2898 2572 2983; x_wconf 86' lang='lat' dir='ltr'><strong>sinistrum,</strong></span> <span class='ocrx_word' id='word_1_147' title='bbox 2606 2911 2733 2975; x_wconf 87' lang='lat' dir='ltr'><strong>aut</strong></span> <span class='ocrx_word' id='word_1_148' title='bbox 2786 2903 3029 2975; x_wconf 87' lang='lat' dir='ltr'><strong>catho-</strong></span> 
     </span>
     <span class='ocr_line' id='line_1_22' title="bbox 902 3016 3027 3105; baseline 0.001 -12"><span class='ocrx_word' id='word_1_149' title='bbox 902 3017 1082 3093; x_wconf 85' lang='lat' dir='ltr'><strong>licae</strong></span> <span class='ocrx_word' id='word_1_150' title='bbox 1143 3018 1400 3091; x_wconf 88' lang='lat' dir='ltr'><strong>unitati</strong></span> <span class='ocrx_word' id='word_1_151' title='bbox 1477 3016 1908 3091; x_wconf 84' lang='lat' dir='ltr'><strong>contrarium</strong></span> <span class='ocrx_word' id='word_1_152' title='bbox 1986 3018 2405 3105; x_wconf 81' lang='lat' dir='ltr'><strong>doceretur,</strong></span> <span class='ocrx_word' id='word_1_153' title='bbox 2461 3031 2532 3090; x_wconf 92' lang='lat' dir='ltr'><strong>et</strong></span> <span class='ocrx_word' id='word_1_154' title='bbox 2588 3019 2694 3091; x_wconf 88' lang='lat' dir='ltr'><strong>sic</strong></span> <span class='ocrx_word' id='word_1_155' title='bbox 2753 3020 2829 3091; x_wconf 88' lang='lat' dir='ltr'><strong>in</strong></span> <span class='ocrx_word' id='word_1_156' title='bbox 2890 3022 3027 3095; x_wconf 80' lang='lat' dir='ltr'><strong>fide</strong></span> 
     </span>
     <span class='ocr_line' id='line_1_23' title="bbox 897 3135 3031 3235; baseline 0 -22"><span class='ocrx_word' id='word_1_157' title='bbox 897 3137 1136 3213; x_wconf 84' lang='lat' dir='ltr'><strong>&#39;stabili</strong></span> <span class='ocrx_word' id='word_1_158' title='bbox 1192 3139 1493 3212; x_wconf 88' lang='lat' dir='ltr'><strong>roborati</strong></span> <span class='ocrx_word' id='word_1_159' title='bbox 1550 3140 1633 3213; x_wconf 89' lang='lat' dir='ltr'><strong>ad</strong></span> <span class='ocrx_word' id='word_1_160' title='bbox 1694 3140 1973 3233; x_wconf 84' lang='lat' dir='ltr'><strong>propria</strong></span> <span class='ocrx_word' id='word_1_161' title='bbox 2030 3149 2447 3211; x_wconf 86' lang='lat' dir='ltr'><strong>remearent.</strong></span> <span class='ocrx_word' id='word_1_162' title='bbox 2506 3135 2613 3211; x_wconf 84' lang='lat' dir='ltr'><strong>lta</strong></span> <span class='ocrx_word' id='word_1_163' title='bbox 2666 3138 2837 3213; x_wconf 87' lang='lat' dir='ltr'><strong>dum</strong></span> <span class='ocrx_word' id='word_1_164' title='bbox 2898 3165 3031 3235; x_wconf 81' lang='lat' dir='ltr'><strong>per</strong></span> 
     </span>
     <span class='ocr_line' id='line_1_24' title="bbox 908 3256 3029 3357; baseline 0.003 -28"><span class='ocrx_word' id='word_1_165' title='bbox 908 3256 1208 3332; x_wconf 76' lang='lat' dir='ltr'><strong>nefarias</strong></span> <span class='ocrx_word' id='word_1_166' title='bbox 1283 3270 1472 3333; x_wconf 87' lang='lat' dir='ltr'><strong>artes</strong></span> <span class='ocrx_word' id='word_1_167' title='bbox 1547 3262 1885 3355; x_wconf 83' lang='lat' dir='ltr'><strong>paulatim</strong></span> <span class='ocrx_word' id='word_1_168' title='bbox 1937 3260 2193 3357; x_wconf 82' lang='lat' dir='ltr'><strong>¹omnia</strong></span> <span class='ocrx_word' id='word_1_169' title='bbox 2248 3256 2462 3333; x_wconf 88' lang='lat' dir='ltr'><strong>Nobis</strong></span> <span class='ocrx_word' id='word_1_170' title='bbox 2530 3261 3029 3337; x_wconf 88' lang='lat' dir='ltr'><strong>subducuntur</strong></span> 
     </span>
     <span class='ocr_line' id='line_1_25' title="bbox 909 3376 3034 3475; baseline 0.001 -22"><span class='ocrx_word' id='word_1_171' title='bbox 909 3378 1252 3475; x_wconf 78' lang='lat' dir='ltr'><strong>praesidia</strong></span> <span class='ocrx_word' id='word_1_172' title='bbox 1307 3391 1378 3451; x_wconf 88' lang='lat' dir='ltr'><strong>et</strong></span> <span class='ocrx_word' id='word_1_173' title='bbox 1433 3381 1923 3466; x_wconf 84' lang='lat' dir='ltr'><strong>instrumenta,</strong></span> <span class='ocrx_word' id='word_1_174' title='bbox 1982 3381 2238 3475; x_wconf 78' lang='lat' dir='ltr'><strong>quibus</strong></span> <span class='ocrx_word' id='word_1_175' title='bbox 2278 3376 2673 3455; x_wconf 85' lang='lat' dir='ltr'><strong>Ecclesiam</strong></span> <span class='ocrx_word' id='word_1_176' title='bbox 2731 3385 3034 3457; x_wconf 78' lang='lat' dir='ltr'><strong>univcr-</strong></span> 
     </span>
     <span class='ocr_line' id='line_1_26' title="bbox 911 3502 3035 3595; baseline 0.002 -22"><span class='ocrx_word' id='word_1_177' title='bbox 911 3521 1060 3573; x_wconf 89' lang='lat' dir='ltr'><strong>sam</strong></span> <span class='ocrx_word' id='word_1_178' title='bbox 1115 3522 1355 3591; x_wconf 77' lang='lat' dir='ltr'><strong>regere</strong></span> <span class='ocrx_word' id='word_1_179' title='bbox 1411 3522 1492 3571; x_wconf 89' lang='lat' dir='ltr'><strong>ac</strong></span> <span class='ocrx_word' id='word_1_180' title='bbox 1545 3502 1896 3574; x_wconf 90' lang='lat' dir='ltr'><strong>moderari</strong></span> <span class='ocrx_word' id='word_1_181' title='bbox 1935 3504 2321 3585; x_wconf 85' lang='lat' dir='ltr'><strong>valeamus,</strong></span> <span class='ocrx_word' id='word_1_182' title='bbox 2363 3502 2757 3574; x_wconf 83' lang='lat' dir='ltr'><strong>luculenter</strong></span> <span class='ocrx_word' id='word_1_183' title='bbox 2804 3518 3035 3595; x_wconf 82' lang='lat' dir='ltr'><strong>patet,</strong></span> 
     </span>
     <span class='ocr_line' id='line_1_27' title="bbox 909 3623 3035 3717; baseline 0.001 -22"><span class='ocrx_word' id='word_1_184' title='bbox 909 3634 1339 3716; x_wconf 78' lang='lat' dir='ltr'><strong>quantopere</strong></span> <span class='ocrx_word' id='word_1_185' title='bbox 1403 3644 1446 3695; x_wconf 86' lang='lat' dir='ltr'><strong>a</strong></span> <span class='ocrx_word' id='word_1_186' title='bbox 1512 3625 1819 3695; x_wconf 85' lang='lat' dir='ltr'><strong>veritate</strong></span> <span class='ocrx_word' id='word_1_187' title='bbox 1902 3623 2273 3695; x_wconf 86' lang='lat' dir='ltr'><strong>abhorreat</strong></span> <span class='ocrx_word' id='word_1_188' title='bbox 2346 3624 2532 3717; x_wconf 85' lang='lat' dir='ltr'><strong>quod</strong></span> <span class='ocrx_word' id='word_1_189' title='bbox 2606 3626 3035 3699; x_wconf 86' lang='lat' dir='ltr'><strong>affirmatum</strong></span> 
     </span>
     <span class='ocr_line' id='line_1_28' title="bbox 911 3738 3033 3837; baseline 0.001 -23"><span class='ocrx_word' id='word_1_190' title='bbox 911 3744 1071 3827; x_wconf 80' lang='lat' dir='ltr'><strong>fuit,</strong></span> <span class='ocrx_word' id='word_1_191' title='bbox 1131 3744 1305 3815; x_wconf 87' lang='lat' dir='ltr'><strong>nibil</strong></span> <span class='ocrx_word' id='word_1_192' title='bbox 1360 3764 1510 3818; x_wconf 85' lang='lat' dir='ltr'><strong>esse</strong></span> <span class='ocrx_word' id='word_1_193' title='bbox 1567 3744 2048 3829; x_wconf 88' lang='lat' dir='ltr'><strong>imminutum,</strong></span> <span class='ocrx_word' id='word_1_194' title='bbox 2084 3738 2507 3817; x_wconf 84' lang='lat' dir='ltr'><strong>urheNobis</strong></span> <span class='ocrx_word' id='word_1_195' title='bbox 2547 3744 2917 3837; x_wconf 87' lang='lat' dir='ltr'><strong>adempta,</strong></span> <span class='ocrx_word' id='word_1_196' title='bbox 2940 3747 3033 3817; x_wconf 87' lang='lat' dir='ltr'><strong>de</strong></span> 
     </span>
     <span class='ocr_line' id='line_1_29' title="bbox 911 3859 3035 3957; baseline 0.001 -22"><span class='ocrx_word' id='word_1_197' title='bbox 911 3862 1235 3937; x_wconf 89' lang='lat' dir='ltr'><strong>libertate</strong></span> <span class='ocrx_word' id='word_1_198' title='bbox 1297 3859 1594 3937; x_wconf 82' lang='lat' dir='ltr'><strong>Romani</strong></span> <span class='ocrx_word' id='word_1_199' title='bbox 1653 3860 2010 3937; x_wconf 86' lang='lat' dir='ltr'><strong>Pontificis</strong></span> <span class='ocrx_word' id='word_1_200' title='bbox 2085 3866 2157 3937; x_wconf 90' lang='lat' dir='ltr'><strong>in</strong></span> <span class='ocrx_word' id='word_1_201' title='bbox 2232 3862 2559 3937; x_wconf 85' lang='lat' dir='ltr'><strong>exercitio</strong></span> <span class='ocrx_word' id='word_1_202' title='bbox 2630 3865 3035 3957; x_wconf 83' lang='lat' dir='ltr'><strong>spiritualis</strong></span> 
     </span>
     <span class='ocr_line' id='line_1_30' title="bbox 909 3982 3043 4081; baseline -0.002 -18"><span class='ocrx_word' id='word_1_203' title='bbox 909 3984 1281 4063; x_wconf 88' lang='lat' dir='ltr'><strong>ministerii</strong></span> <span class='ocrx_word' id='word_1_204' title='bbox 1337 3995 1406 4055; x_wconf 87' lang='lat' dir='ltr'><strong>et</strong></span> <span class='ocrx_word' id='word_1_205' title='bbox 1461 3982 1528 4057; x_wconf 88' lang='lat' dir='ltr'><strong>in</strong></span> <span class='ocrx_word' id='word_1_206' title='bbox 1582 3986 1671 4057; x_wconf 91' lang='lat' dir='ltr'><strong>iis</strong></span> <span class='ocrx_word' id='word_1_207' title='bbox 1728 3987 2007 4081; x_wconf 78' lang='lat' dir='ltr'><strong>agendis</strong></span> <span class='ocrx_word' id='word_1_208' title='bbox 2062 4006 2243 4080; x_wconf 89' lang='lat' dir='ltr'><strong>quae</strong></span> <span class='ocrx_word' id='word_1_209' title='bbox 2280 3985 2365 4057; x_wconf 84' lang='lat' dir='ltr'><strong>ad</strong></span> <span class='ocrx_word' id='word_1_210' title='bbox 2404 3984 2835 4059; x_wconf 87' lang='lat' dir='ltr'><strong>catholicum</strong></span> <span class='ocrx_word' id='word_1_211' title='bbox 2872 4006 3043 4077; x_wconf 83' lang='lat' dir='ltr'><strong>per-</strong></span> 
     </span>
     <span class='ocr_line' id='line_1_31' title="bbox 915 4104 3043 4201; baseline -0.002 -20"><span class='ocrx_word' id='word_1_212' title='bbox 915 4107 1148 4181; x_wconf 82' lang='lat' dir='ltr'><strong>tinent</strong></span> <span class='ocrx_word' id='word_1_213' title='bbox 1201 4104 1498 4195; x_wconf 84' lang='lat' dir='ltr'><strong>orbem3</strong></span> <span class='ocrx_word' id='word_1_214' title='bbox 1551 4106 1896 4201; x_wconf 89' lang='lat' dir='ltr'><strong>simulque</strong></span> <span class='ocrx_word' id='word_1_215' title='bbox 1948 4106 2385 4179; x_wconf 79' lang='lat' dir='ltr'><strong>manifestius</strong></span> <span class='ocrx_word' id='word_1_216' title='bbox 2440 4106 2757 4197; x_wconf 88' lang='lat' dir='ltr'><strong>quotidie</strong></span> <span class='ocrx_word' id='word_1_217' title='bbox 2824 4106 3043 4177; x_wconf 79' lang='lat' dir='ltr'><strong>evin-</strong></span> 
     </span>
     <span class='ocr_line' id='line_1_32' title="bbox 915 4220 3039 4321; baseline 0 -25"><span class='ocrx_word' id='word_1_218' title='bbox 915 4225 1125 4308; x_wconf 88' lang='lat' dir='ltr'><strong>citur,</strong></span> <span class='ocrx_word' id='word_1_219' title='bbox 1153 4248 1361 4321; x_wconf 84' lang='lat' dir='ltr'><strong>quam</strong></span> <span class='ocrx_word' id='word_1_220' title='bbox 1408 4246 1576 4299; x_wconf 84' lang='lat' dir='ltr'><strong>vere</strong></span> <span class='ocrx_word' id='word_1_221' title='bbox 1615 4248 1695 4298; x_wconf 91' lang='lat' dir='ltr'><strong>ac</strong></span> <span class='ocrx_word' id='word_1_222' title='bbox 1732 4220 1986 4299; x_wconf 83' lang='lat' dir='ltr'><strong>m&#39;erito</strong></span> <span class='ocrx_word' id='word_1_223' title='bbox 2025 4227 2453 4299; x_wconf 87' lang='lat' dir='ltr'><strong>declaratum</strong></span> <span class='ocrx_word' id='word_1_224' title='bbox 2492 4232 2701 4297; x_wconf 89' lang='lat' dir='ltr'><strong>toties</strong></span> <span class='ocrx_word' id='word_1_225' title='bbox 2740 4248 2785 4298; x_wconf 84' lang='lat' dir='ltr'><strong>a</strong></span> <span class='ocrx_word' id='word_1_226' title='bbox 2814 4221 3039 4297; x_wconf 84' lang='lat' dir='ltr'><strong>Nobis</strong></span> 
     </span>
     <span class='ocr_line' id='line_1_33' title="bbox 915 4342 3043 4441; baseline 0 -22"><span class='ocrx_word' id='word_1_227' title='bbox 915 4356 986 4419; x_wconf 91' lang='lat' dir='ltr'><strong>et</strong></span> <span class='ocrx_word' id='word_1_228' title='bbox 1021 4348 1440 4423; x_wconf 86' lang='lat' dir='ltr'><strong>inculcatum</strong></span> <span class='ocrx_word' id='word_1_229' title='bbox 1474 4348 1713 4435; x_wconf 76' lang='lat' dir='ltr'><strong>fuerit,</strong></span> <span class='ocrx_word' id='word_1_230' title='bbox 1746 4350 2147 4441; x_wconf 80' lang='lat' dir='ltr'><strong>sacrilegam</strong></span> <span class='ocrx_word' id='word_1_231' title='bbox 2176 4348 2459 4424; x_wconf 80' lang='lat' dir='ltr'><strong>ditionis</strong></span> <span class='ocrx_word' id='word_1_232' title='bbox 2484 4342 2788 4423; x_wconf 85' lang='lat' dir='ltr'><strong>Nostrae</strong></span> <span class='ocrx_word' id='word_1_233' title='bbox 2828 4368 3043 4420; x_wconf 84' lang='lat' dir='ltr'><strong>usur-</strong></span> 
     </span>
    </p>
   </div>
   <div class='ocr_carea' id='block_1_3' title="bbox 3226 859 3230 1392">
    <p class='ocr_par' dir='ltr' id='par_1_3' title="bbox 3226 859 3230 1392">
     <span class='ocr_line' id='line_1_34' title="bbox 3226 859 3230 1392; baseline 0 0"><span class='ocrx_word' id='word_1_234' title='bbox 3226 859 3230 1392; x_wconf 95' lang='lat' dir='ltr'><strong> </strong></span> 
     </span>
    </p>
   </div>
   <div class='ocr_carea' id='block_1_4' title="bbox 3223 2501 3233 3735">
    <p class='ocr_par' dir='ltr' id='par_1_4' title="bbox 3223 2501 3233 3735">
     <span class='ocr_line' id='line_1_35' title="bbox 3223 2501 3233 3735; baseline 0 0"><span class='ocrx_word' id='word_1_235' title='bbox 3223 2501 3233 3735; x_wconf 95' lang='lat' dir='ltr'><strong> </strong></span> 
     </span>
    </p>
   </div>
   <div class='ocr_carea' id='block_1_5' title="bbox 3208 3731 3239 5223">
    <p class='ocr_par' dir='ltr' id='par_1_5' title="bbox 3208 3731 3239 5223">
     <span class='ocr_line' id='line_1_36' title="bbox 3208 3731 3239 5223; baseline 0 0"><span class='ocrx_word' id='word_1_236' title='bbox 3208 3731 3239 5223; x_wconf 95' lang='lat' dir='ltr'><strong> </strong></span> 
     </span>
    </p>
   </div>
  </div>
 </body>
</html>
