3292 5275
2109 528 2114 533 .
2279 445 2432 529 393

416 584 741 660 precatur,
784 584 859 641 ut
898 578 1243 658 aliquando
1284 578 1692 659 resipiscant,
1735 584 1800 643 et
1841 597 1882 643 a
1923 579 2042 643 viis
2080 546 2285 659 pessi-⁸

412 675 535 737 mis
572 679 903 737 revertant
955 715 972 732 .
1138 715 1155 731 .
1320 713 1339 733 .
1504 714 1521 734 .
1687 716 1706 735 .
1875 716 1891 735 .
2057 716 2072 733 .
2239 694 2272 735 n
2349 670 2436 739 33

338 856 630 941 Epistola
672 859 889 923 italica
926 892 1008 905 --
1056 854 1344 922 Costrctti
1382 890 1463 903 —
1500 858 1603 921 die
1644 855 1724 923 16
1763 859 1924 923 iunii
1963 878 2046 923 ex
2087 860 2279 924 Aedi-

416 956 539 1016 bus
580 950 907 1015 Vaticanis
950 951 1031 1015 ad
1072 948 1654 1015 Eminentissimum
1697 948 1926 1016 Virum
1981 950 2280 1017 Iacobum

278 1082 285 1089 ·
416 1044 747 1110 Antonelli
788 1044 1189 1109 cardinalem
1222 1062 1259 1106 a
1291 1042 1573 1107 Publicis
1614 1042 1928 1124 Negotiis.
1967 1043 2304 1119 Sanctitas.
2361 1108 2370 1115 ,

418 1137 557 1202 Sua·
590 1156 907 1202 summum
952 1138 1253 1218 exprimit
1294 1136 1612 1214 dolorem,
1653 1154 1784 1217 quo
1826 1156 1982 1201 suus
2031 1140 2282 1203 animus

417 1232 687 1294 affectus
748 1230 871 1293 fuit
892 1271 913 1307 ‚
978 1232 1085 1293 vix
1142 1226 1876 1308 accepitffiMinistrorum
1919 1227 2282 1295 Praesidem

418 1320 729 1389 Gubernii
772 1324 1173 1404 usurpatoris
1214 1323 1470 1384 omnino
1512 1324 1810 1385 statuisse
1829 1366 1849 1399 ,
1889 1320 2278 1403 Legislativo

420 1415 645 1482 Coetui
708 1417 913 1498 legem
978 1414 1359 1496 quantocius
1421 1430 1780 1495 proponere
1821 1416 1900 1479 de
1941 1414 2280 1498 Religiosis

420 1507 469 1571 F
475 1508 705 1572 amiliis
746 1508 1187 1589 extinguendis
1230 1510 1294 1571 in
1335 1508 1467 1587 ipsa
1499 1504 1702 1585 Urbe,
1745 1525 1910 1589 quae
1955 1507 2147 1573 Sedes
2185 1520 2283 1577 est

421 1601 569 1667 lesu
610 1602 839 1666 Christi
882 1601 1165 1679 Vicarii,
1207 1608 1275 1665 et
1314 1602 1614 1665 catholici
1675 1603 1846 1665 orbis
1897 1610 2112 1683 caput.
2157 1602 2282 1669 Fa-

421 1705 671 1759 ctorum
714 1697 1009 1777 congerie
1050 1696 1394 1777 significat,
1437 1713 1629 1776 quam
1681 1696 1899 1775 iniqua
1949 1703 2016 1759 et
2053 1699 2284 1761 exitia-

420 1787 500 1855 lis
542 1791 762 1853 futura
802 1791 887 1853 sit
924 1790 1033 1853 lex
1078 1790 1192 1851 illa
1224 1832 1243 1867 ,
1286 1790 1471 1853 cuius
1514 1790 1572 1852 vi
1615 1806 1742 1851 non
1793 1790 1982 1852 modo
2022 1789 2282 1855 Pontifi-

418 1888 507 1950 cis
548 1886 811 1947 libertas
872 1884 1239 1963 impetitur,
1284 1883 1390 1945 sed
1436 1882 1750 1944 validiora
1811 1891 1878 1945 et
1925 1881 2278 1948 efficaciora

419 1980 695 2046 subsidia
726 1998 761 2040 e
788 1979 919 2041 suis
958 1978 1252 2039 manibus
1295 1977 1692 2053 avelluntur,
1735 1978 1968 2057 quibus
2009 1976 2150 2059 lpse
2201 1982 2279 2043 ad

420 2076 620 2139 totius
660 2070 987 2135 Ecclesiae
1028 2072 1310 2148 regimen
1351 2078 1686 2150 tantopere
1729 2070 1982 2151 indiget.
2031 2070 2286 2155 Detegit

420 2166 733 2231 invasoris
760 2162 1071 2229 Gubernii
1100 2163 1384 2238 fraudes,
1422 2164 1607 2225 cuius
1649 2164 1984 2228 consilium
2013 2184 2092 2228 eo
2119 2185 2282 2229 sem·

423 2280 543 2343 per
578 2258 891 2341 spectavit
914 2265 981 2319 et
1008 2262 1278 2337 spectat,
1308 2264 1379 2318 ut
1408 2273 1532 2317 non
1574 2256 1762 2318 modo
1793 2257 1966 2320 civili
2005 2259 2114 2321 sed
2153 2260 2281 2341 spi·

418 2354 640 2418 rituali
700 2350 1073 2432 praesertim
1135 2348 1560 2411 dominatione
1612 2346 1970 2413 Romanum
2023 2348 2306 2415 Pomm--

420 2466 568 2511 cem
598 2446 963 2526 expoliaret
982 2486 1007 2517 ,
1046 2441 1237 2522 idque
1302 2442 1635 2523 praeclare
1691 2443 2034 2507 ostendunt
2071 2447 2283 2525 quoti-

420 2542 647 2605 dianae
694 2546 917 2601 contre
956 2536 1413 2599 sanctissimam
1455 2535 1828 2616 religionem
1863 2539 2130 2619 eiusque
2173 2540 2308 2605 ad„

422 2633 737 2699 ministros
782 2631 1247 2694 insectationes.
1314 2626 1645 2709 Subalpini
1709 2625 2024 2694 Gubernii
2084 2634 2284 2715 capti-

420 2745 573 2794 vum
612 2745 681 2789 se
722 2725 1103 2806 proclamat,
1142 2729 1209 2785 et
1248 2721 1479 2784 damna
1523 2729 1858 2787 enumerat
1895 2743 1980 2788 ex
2019 2725 2140 2788 hac
2179 2744 2286 2792 ca-

419 2821 716 2902 ptivitate
740 2819 1147 2882 diruanantia.
1180 2815 1385 2880 Nulla
1402 2820 1571 2880 inter
1596 2819 1998 2897 expoliatum
2024 2817 2286 2884 Pontifi-

422 2931 559 2977 cem
599 2920 665 2977 et
704 2930 941 2976 novum
982 2907 1383 2975 Gubernium
1424 2911 1822 2974 intercedere
1881 2919 2096 2992 potest
2134 2931 2286 2978 con-

422 3003 1041 3070 ciliatio.1)eclarat
1096 3023 1167 3068 se
1230 3005 1309 3066 ad
1348 3006 1721 3084 sanguinem
1766 3005 1942 3085 prius
1983 3013 2050 3068 et
2088 3009 2284 3072 vitam

420 3098 625 3182 ipsam
670 3100 1049 3164 fundendam
1092 3116 1230 3160 esse
1274 3103 1617 3176 paratum,
1663 3115 1854 3176 quam
1900 3116 1936 3160 a
1978 3102 2284 3178 pastorali

422 3213 541 3258 suo
584 3193 790 3256 officio
833 3191 1125 3254 deficere.
1192 3188 1603 3253 Demonstrat
1644 3209 1838 3270 quam
1881 3192 2162 3256 irrisoria
2206 3195 2289 3260 sit

318 3287 327 3300 '
422 3295 490 3354 et
526 3287 811 3371 captiosa
848 3287 961 3348 lex
1009 3286 1089 3348 ab
1148 3284 1463 3348 hodierno
1506 3281 1836 3348 Gubernio
1877 3289 2240 3366 excogitata
2265 3331 2288 3368 ,

424 3399 621 3463 quam
642 3381 801 3442 delle
836 3375 1249 3459 Gaurentiqie
1288 3379 1639 3459 appellant.
1685 3375 1896 3456 lubet,
1925 3387 1996 3441 ut
2037 3381 2286 3462 praesa·

424 3482 541 3539 tus
571 3471 1114 3538 Eminentissimus
1142 3469 1263 3535 Vir
1300 3471 1378 3534 de
1420 3471 1798 3549 miserrima,
1839 3472 1906 3534 in
1945 3491 2076 3554 qua
2117 3493 2288 3540 nuuc

426 3567 657 3633 Sancta
700 3565 889 3630 Sedes
932 3572 1251 3642 versatur,
1290 3565 1650 3628 conditione
1691 3572 2064 3630 exterorum
2107 3567 2288 3632 Prin·

424 3663 639 3744 cipum
680 3658 953 3740 Legatos
996 3677 1187 3738 penes
1230 3657 1672 3740 Apostolicam
1715 3651 1940 3732 Sedem
1981 3663 2288 3728 certiores

422 3755 615 3818 faciat
643 3797 663 3832 ,
703 3772 954 3834 suoque
1000 3754 1253 3816 nomine
1295 3752 1603 3834 quidquid
1661 3752 1870 3816 adhuc
1911 3755 2180 3833 accidit,
2221 3763 2290 3820 et

424 3850 721 3930 proxime
762 3847 1065 3926 impendit
1096 3847 1506 3913 contestando
1534 3846 1918 3925 denunciet3
1945 3846 2082 3911 fidit
2120 3849 2288 3912 enim

422 3941 559 4005 sore
604 3947 675 4005 ut
708 3941 825 4020 ipsi
857 3940 1282 4021 perpendant,
1310 3957 1503 4019 quam
1531 3941 1888 4002 necessaria
1915 3942 2084 4004 sitin
2115 3941 2289 4023 Apo·

424 4035 639 4100 stolici
680 4034 1019 4098 ministerii
1080 4033 1389 4096 exercitio
1430 4031 1674 4096 Summi
1732 4031 2054 4098 Pontificis
2093 4036 2290 4100 liber-

426 4139 552 4210 tae,
592 4129 671 4195 ad
712 4145 907 4209 quam
952 4127 1279 4191 tutandam
1320 4126 1539 4190 fideles
1581 4144 1800 4190 omnes
1849 4128 1988 4192 iure
2029 4131 2288 4211 exigere

424 4233 713 4314 possunt,
756 4232 831 4292 ut
870 4243 1097 4292 eorum
1138 4223 1463 4310 Principes
1500 4235 1926 4308 concurrant,
1963 4241 2047 4290 eo
2088 4227 2287 4314 magis
