3292 5275
2267 466 2418 549 119

305 600 517 679 Pium
568 598 663 675 VI
715 600 1341 681 Praedecessorem
1392 600 1726 681 Nostrum
1783 626 2038 699 graves
2085 607 2416 701 querelae

302 726 393 799 de
450 726 743 819 pessima
797 737 1223 799 memoratae
1276 721 1652 820 Cappellae
1707 726 2126 813 conditione,
2183 728 2412 821 deque

297 847 457 919 eius
494 846 639 919 cito
674 846 1098 940 reparandae
1152 848 1572 921 necessitate
1628 849 1914 921 fuerunt
1966 848 2272 921 delatae.
2313 843 2409 921 At

300 986 473 1041 cum
550 986 757 1039 nemo
808 988 902 1038 ex
956 967 1091 1052 iis,
1168 988 1470 1062 quorum
1524 968 1892 1052 intererat,
1953 988 2288 1061 praesens
2343 979 2418 1043 et

300 1109 561 1183 urgens
610 1088 870 1164 malum
922 1100 1249 1167 avertere
1306 1089 1654 1181 potuisset
1707 1090 1940 1163 eidem
1975 1090 2418 1183 sapientissi-

298 1229 463 1283 mus
520 1192 853 1282 Pontifex
904 1208 1461 1283 extraordinariis
1514 1209 1856 1301 subsidiis
1911 1209 2414 1285 consulendum

298 1328 616 1401 curavit.
674 1323 1161 1421 Magnanimos
1188 1325 1553 1403 Fundator
1590 1328 1904 1425 quidem,
1941 1340 2019 1418 ut
2047 1352 2127 1401 ex
2155 1350 2417 1405 memo-

300 1458 459 1519 rata
486 1442 1007 1523 Constitutione
1034 1460 1253 1543 patet,
1282 1470 1407 1543 pro
1426 1444 1794 1543 Cappella,
1826 1450 2156 1543 illiusque
2177 1446 2418 1523 Fabri·

298 1590 423 1641 cae
450 1579 526 1641 et
544 1564 913 1643 Sacristiae
934 1568 1459 1645 manutentione
1497 1570 1767 1642 reditus
1797 1581 1868 1642 et
1896 1580 2280 1663 proventus
2309 1581 2416 1643 at·

302 1691 685 1771 tribuerat,
712 1710 961 1765 verum
990 1690 1077 1763 ob
1110 1692 1341 1763 tristes
1373 1700 1766 1783 temporum
1796 1711 2173 1785 rerumque
2213 1690 2414 1765 vicis·

298 1811 655 1885 situdines
692 1811 863 1883 adeo
900 1810 1249 1883 imminuti
1304 1822 1499 1895 sunt,
1532 1823 1615 1883 ut
1637 1804 2123 1904 Praepositus‘,
2155 1808 2412 1907 aliique

298 1954 339 2003 e
375 1928 719 2023 Collegio,
774 1931 1349 2026 quemadmodum
1400 1926 1545 2006 Nos
1598 1932 2021 2025 accepimus,
2079 1930 2416 2023 gravissi-

298 2052 437 2123 mis
490 2052 817 2145 impensis
888 2052 1317 2143 sustinendis
1394 2072 1469 2123 se
1535 2052 1818 2139 omnino
1897 2052 2202 2143 impares
2257 2037 2412 2127 esse

299 2173 607 2246 confessi
662 2172 827 2247 sint.
882 2167 1029 2245 Nec
1084 2172 1710 2267 praetermisimus,
1748 2172 2124 2267 quominus
2163 2174 2412 2247 miser-

302 2294 521 2365 rimus
560 2304 993 2367 memoratae
1031 2289 1405 2388 Cappellae
1462 2304 1694 2367 status
1729 2292 1989 2365 dilecto
2027 2291 2170 2386 filio
2197 2290 2412 2367 Fran·

299 2414 489 2489 cisco
526 2409 703 2487 Duci
756 2410 993 2488 Sforza
1032 2410 1345 2487 Cesariui
1384 2435 1512 2507 per
1550 2408 2040 2486 venerabilem
2097 2409 2414 2489 Fratrem

297 2530 641 2609 Nostrum
694 2531 1039 2609 Aloisium
1072 2530 1501 2627 Episcopum
1536 2527 2072 2607 Praenestinum
2111 2528 2412 2611 Sanctae

300 2653 657 2730 Romanae
694 2653 1059 2730 Ecclesiae
1085 2651 1531 2729 cardinalem
1569 2665 1650 2726 et
1680 2648 1850 2726 Vice
1897 2637 2410 2737 Cancellarium

296 2775 518 2850 Amat
552 2787 1031 2870 nuncupatum
1070 2786 1144 2848 et
1178 2770 2412 2870 Archipresbyterum„'Patriarchalis

294 2895 645 2972 Basilicae
699 2895 999 2972 Sanctae
1052 2892 1316 2968 Mariae
1352 2889 1643 2968 Maioris
1704 2896 2198 2992 innotesceret.
2237 2891 2412 2988 Spes

296 3021 497 3092 enim
530 3031 687 3092 erat
738 3015 956 3092 Nobis
992 3018 1225 3089 virum
1266 3016 1455 3088 illum
1512 3017 1600 3088 ad
1649 3009 2411 3112 magnificentissimum

301 3150 541 3212 tantae
578 3141 856 3234 pietatis
896 3160 1101 3231 opus,
1132 3146 1205 3208 et
1243 3135 1866 3229 splendidissimum
1903 3157 2071 3209 suae
2111 3133 2412 3211 familiae

298 3260 521 3334 decus
560 3259 1029 3342 asserendum,
1056 3257 1173 3330 cui
1203 3257 1315 3330 ius
1344 3267 1782 3350 patronatus,
1811 3267 1886 3328 et
1917 3257 2412 3358 praesentandi

298 3381 385 3452 ad
442 3378 777 3452 beneficia
832 3379 1154 3471 superius
1209 3387 1585 3453 memorata
1644 3377 2031 3457 abeodem
2069 3372 2416 3452 Pontiflce

296 3505 535 3576 fuerat
586 3521 1029 3585 concessum,
1060 3499 1513 3578 effecturum,
1542 3497 1734 3592 quod
1763 3497 2211 3574 haereditarii
2243 3497 2416 3586 iuris

298 3620 509 3708 ratio,
564 3622 666 3692 rei
720 3621 1127 3704 necessitas,
1185 3631 1259 3692 et
1286 3615 1567 3692 Nostra
1634 3619 2040 3711 expectatio
2100 3616 2417 3712 postula-

302 3743 443 3814 bat.
506 3738 583 3812 In
640 3740 939 3833 primum
978 3750 1265 3832 gravate
1320 3739 1390 3812 id
1449 3740 1756 3832 accepit,
1815 3749 1890 3811 et
1943 3739 2131 3810 inter
2163 3748 2416 3812 cetera

298 3884 477 3958 quae
534 3863 625 3935 ad
679 3861 1149 3937 recusandum
1202 3880 1385 3934 onus
1422 3861 1497 3932 in
1538 3858 1852 3933 medium
1903 3859 2222 3952 protulit,
2261 3861 2419 3933 avi·-

303 3993 455 4055 tum
512 3981 1009 4076 patrimonium
1064 3981 1147 4052 ab
1184 3980 1495 4052 adversis
1534 3978 2080 4072 circumstantiis
2121 3975 2418 4074 impedi-

304 4113 453 4174 tum
508 4101 943 4195 diutinisque
997 4077 1515 4174 calamitatibus
1565 4107 1902 4192 vexatum,
1935 4108 2072 4170 tam
2121 4099 2302 4186 male
2339 4119 2417 4172 se

302 4221 567 4294 habere
620 4230 1048 4314 conquestus
1084 4231 1223 4308 est,
1278 4231 1360 4294 ut
1414 4219 1498 4292 ab
1555 4238 1639 4312 eo
1677 4229 1998 4312 sumptus
2043 4211 2416 4314 Cappella'e
