3292 5275
1082 604 1291 682 Hisce
1348 630 1557 701 porro
1612 608 1786 682 iuris
1843 606 2246 702 principiiS,
2297 628 2482 701 quac
2518 628 2648 700 pro
2705 608 3009 683 univer-

873 731 971 803 sis
1024 728 1383 803 orientalis
1442 730 1624 801 ritus
1689 724 2044 801 Ecclesiis
2101 728 2404 821 sapienti
2481 728 2776 799 consilio
2841 729 3008 801 fue-

874 861 1045 925 runt
1098 852 1393 935 sancita,
1450 850 1716 941 regitur
1758 870 2072 943 quoque,
2109 847 2210 922 uti
2254 848 2518 941 pluries
2575 848 2744 921 data
2795 868 3010 919 occa-

878 972 1085 1045 sione
1139 971 1571 1043 declaratum
1634 978 1744 1042 est
1783 970 2192 1062 praesertim
2247 970 2318 1039 in
2357 970 2682 1061 superius
2735 988 3012 1041 memo-

875 1102 1035 1166 rato
1127 1087 1339 1164 Brevi
1419 1087 1626 1165 Pauli
1681 1086 1770 1177 V,
1821 1089 2142 1183 liturgica
2195 1088 2563 1182 disciplina
2645 1084 3014 1161 Rutheno-

876 1234 1157 1299 norum,
1196 1233 1375 1306 quos
1406 1233 1541 1285 uon
1569 1211 2000 1284 destiterunt
2053 1206 2358 1284 Romani
2413 1206 2790 1283 Pontifices
2859 1212 3012 1282 sin-

880 1336 1109 1426 gulari
1160 1334 1700 1407 benevolentiae
1757 1330 2008 1405 affectu
2063 1354 2144 1403 ae
2211 1329 2683 1424 peculiaribus
2737 1332 3010 1403 favori-

881 1456 1024 1528 bus
1064 1454 1427 1548 prosequi3
1479 1466 1551 1525 et
1602 1455 1720 1527 vix
1775 1474 1854 1524 ac
1909 1452 2194 1546 aliquod
2233 1449 2630 1545 periculum
2681 1451 3012 1523 immine-

880 1595 955 1648 re
992 1585 1068 1649 et
1120 1595 1363 1649 eorum
1416 1573 1625 1647 fidem
1686 1576 1761 1647 in
1807 1572 2190 1647 discrimen
2243 1572 2498 1646 adduci
2551 1584 3010 1665 perspectum

878 1708 1015 1781 est,
1073 1692 1470 1789 Apostolica
1541 1691 1762 1767 Sedes
1857 1694 1945 1767 ad
2001 1706 2282 1769 tantum
2351 1694 2610 1765 malum
2665 1706 3010 1767 averten-

879 1819 1049 1891 dum
1076 1838 1328 1893 vocem
1358 1838 1557 1889 suam
1580 1817 1837 1911 absque
1867 1816 2007 1889 ulla
2037 1838 2230 1889 mora
2269 1815 2584 1887 attollere
2623 1836 2768 1887 non
2803 1836 3012 1908 prae-

884 1938 1215 2011 termisit.
1272 1933 1629 2010 Solemnia
1687 1938 1910 2010 adhuc
1977 1948 2142 2009 sunt
2195 1938 2451 2018 verba,
2501 1935 2764 2029 quibus
2835 1956 3008 2010 usus

881 2070 991 2131 cst
1026 2056 1369 2131 Decessor
1404 2054 1660 2132 Noster
1686 2055 2064 2154 Gregorius
2103 2053 2260 2131 XVI
2299 2060 2422 2131 l'el.
2455 2078 2666 2129 mem.
2701 2048 2816 2157 (1)
2847 2078 3010 2131 cum

882 2180 1147 2255 scilicet
1175 2178 1669 2256 Ruthenorum
1709 2184 1931 2270 natio,
1979 2193 2058 2254 ut
2095 2185 2351 2275 cuique
2389 2185 2840 2276 exploratum
2867 2195 3008 2267 est,

886 2304 959 2375 in
998 2306 1387 2397 asperrima
1426 2315 1846 2381 versaretur
1881 2326 2120 2377 rerum
2159 2306 2593 2389 conditione,
2631 2326 2774 2399 qua
2811 2306 3012 2397 ipsos

886 2426 973 2497 ad
1027 2446 1254 2521 usque
1295 2428 1533 2500 tricies
1588 2436 1884 2512 centena
1938 2426 2158 2499 millia
2197 2446 2286 2500 ex
2313 2422 2716 2498 Catholicae
2755 2422 3014 2498 Eccle-

884 2546 1035 2619 siae
1075 2546 1339 2640 gremio
1376 2549 1774 2620 miserrime
1823 2548 2108 2621 avulsos
2147 2556 2220 2619 et
2255 2545 2464 2618 hodie
2509 2550 3010 2619 lamentamur.

1098 2663 1245 2740 Nec
1276 2669 1539 2761 pariter
1574 2665 2067 2742 Ruthenorum
2105 2669 2370 2742 nationi
2428 2669 2648 2740 demit
2684 2669 3012 2742 eiusdem

888 2785 1337 2880 Apostolicae
1394 2785 1600 2862 Sedis
1653 2789 2013 2875 auxilium,
2081 2809 2240 2862 cum
2297 2810 2550 2880 graves
2601 2801 2676 2862 et
2733 2791 3012 2864 diutur-

889 2929 1014 2982 nae
1078 2911 1613 2984 controversiae
1669 2910 1742 2980 in
1797 2911 2274 2984 ecclesiastica
2357 2907 2748 2986 Provincia
2831 2909 3014 2984 Leo—

888 3030 1186 3124 poliensi
1244 3031 1331 3104 ob
1368 3030 1784 3124 disciplinae
1823 3042 1896 3104 et
1931 3035 2112 3104 ritus
2169 3034 2612 3116 varietatem,
2669 3043 2896 3126 atque
2927 3033 3012 3106 ob

890 3163 1175 3224 mutuas
1230 3153 1637 3237 relationeS,
1679 3174 1853 3247 quae
1897 3153 2084 3226 inter
2121 3155 2646 3225 ecclesiasticos
2673 3157 2880 3226 viros
2915 3155 3016 3224 la·

892 3272 1021 3342 tini
1084 3285 1161 3344 et
1214 3272 1441 3363 graeci
1522 3274 1702 3346 ritus
1761 3274 1858 3344 ibi
1920 3275 2475 3356 intercedebant,
2555 3294 2692 3348 non
2755 3275 3014 3368 absque

892 3391 1309 3465 christianae
1380 3395 1746 3466 charitatis
1813 3394 2234 3467 detrimento
2301 3397 2774 3486 agitabantur,
2841 3419 3016 3490 quae

894 3533 1017 3604 per
1046 3515 1593 3586 conventionem
1624 3535 1743 3586 seu
1766 3517 2204 3594 concordiam
2229 3517 2314 3588 ab
2353 3513 2714 3610 Episcopis
2743 3521 3020 3592 utrius-

894 3655 1027 3728 que
1070 3635 1247 3706 ritus
1302 3635 1754 3728 propositam,
1795 3647 1868 3707 et
1925 3635 2038 3710 die
2094 3629 2143 3709 6
2197 3633 2518 3710 Octobris
2577 3629 2784 3710 1863
2865 3661 3020 3710 san-

896 3757 1105 3827 citam
1142 3755 1429 3828 decreto
1488 3753 1562 3827 S.
1595 3751 2178 3848 Congu-egationis
2217 3757 2301 3829 de
2341 3755 2798 3850 propaganda
2841 3757 3018 3831 Fide

896 3897 1023 3970 pro
1084 3877 1381 3966 negotiis
1438 3875 1799 3949 orientalis
1857 3877 2063 3963 ritus,
2125 3879 2422 3950 feliciter
2477 3881 2767 3952 fuerunt
2821 3901 3024 3953 com-

895 3998 1163 4088 positae
1220 4015 1301 4068 ac
1355 3996 1773 4090 diremptae.

1104 4109 1369 4190 Verum
1424 4118 1810 4190 miserrima
1833 4139 2070 4193 rerum
2097 4118 2433 4192 adiuncta
2470 4120 2542 4191 in
2571 4121 2830 4214 quibus
2893 4143 3020 4196 ea-

1058 4373 1140 4458 (1)
1181 4375 1513 4444 Allocutio
1540 4379 1762 4444 habita
1799 4379 1866 4443 in
1905 4363 2297 4444 Consistoiio
2339 4380 2466 4444 diei
2507 4377 2592 4447 22
2631 4377 2806 4446 Nor.
2827 4377 3018 4448 1838.
