3292 5275
903 444 1064 534 212

902 595 1166 668 riorum
1203 594 1287 666 ad
1342 595 1737 687 praedictos
1774 590 2095 671 'Ordines
2150 592 2494 671 Militares
2546 597 3031 692 spectantium

903 736 1046 788 una
1093 736 1256 789 cum
1313 718 1632 791 omnibus
1696 718 2016 801 indultis»,
2088 720 2471 810 privilegiis
2526 731 2597 791 et
2664 720 3033 793 facultati-

895 837 1065 918 bus,
1131 839 1349 909 etiam
1407 840 1478 907 in
1543 832 1963 930 Apostolicis
2018 834 2309 911 Litteris
2372 838 2721 912 contentis
2758 851 2837 911 et
2870 862 3036 931 spe-

903 960 1062 1032 ciali
1131 961 1486 1033 mentione
1549 960 2035 1050 designandiS‚
2097 982 2319 1053 eaque
2374 961 2463 1033 de
2528 962 2711 1033 iacto
2764 982 2809 1031 e
2870 980 3035 1033 me·-

903 1086 1020 1157 dio
1075 1084 1400 1169 tollimus,
1459 1084 1959 1173 extinguimuS,
2014 1104 2357 1155 cassamus
2410 1106 2491 1156 ac
2554 1086 2895 1167 delemus,
2950 1100 3031 1159 et

903 1227 1280 1299 suppressa
1348 1207 1630 1298 penitus
1692 1216 1766 1276 et
1828 1205 2095 1277 abolita
2157 1206 2249 1277 ab
2305 1206 2630 1277 omnibus
2694 1208 3034 1282 habenda

906 1347 1062 1399 esse
1125 1328 1556 1399 mandamus,

1117 1442 1382 1518 Eadem
1441 1468 1614 1521 vero
1678 1443 2081 1540 Apostolica
2150 1451 2571 1521 auctoritate
2638 1452 2881 1522 omnia
2960 1463 3037 1521 et

906 1570 1178 1661 singula
1235 1569 1769 1659 praedictorum·
1814 1566 2211 1642 Militarium
2276 1554 2619 1642 Ord‘inum
2668 1572 3035 1643 territoria

905 1698 978 1761 et
1049 1690 1203 1761 loca
1277 1690 1365 1761 ad
1429 1690 1670 1761 eadem
1744 1712 2029 1784 quoquo
2092 1690 2299 1763 modo
2365 1692 2753 1782 spectantia
2830 1694 3035 1763 iuxta

905 1810 1276 1883 articulum
1339 1800 1412 1881 9.
1471 1821 2061 1883 commemoratae
2117 1806 2615 1883 Conventionis
2678 1812 3031 1903 proximis

899 1931 1332 2003 dioecesibus
1385 1932 1765 2021 iungimuS,
1816 1952 2267 2023 aggregamus
2330 1942 2405 2002 et
2462 1933 3023 2023 incorporamus:

905 2052 1240 2125 videlicet
1303 2054 1659 2126 territoria
1697 2064 1817 2126 aut
1852 2053 2000 2125 loca
2048 2054 2137 2125 ad
2196 2054 2345 2146 ipsa
2410 2054 2803 2146 spectantia
2840 2074 3031 2147 quae

903 2172 1202 2247 alicuius
1247 2174 1584 2247 dioecesis
1643 2173 1976 2247 limitibus
2037 2175 2347 2267 undique
2396 2173 2864 2247 includuntur
2918 2176 3033 2246 ei-

905 2295 1067 2367 dem
1139 2295 1443 2368 dioecesi
1519 2315 1973 2389 aggregamus
2044 2306 2115 2365 et
2186 2298 2746 2388 incorporamus.
2826 2292 3035 2385 Quae

907 2436 1081 2488 vero
1153 2418 1277 2489 uni
1343 2420 1458 2489 vel
1523 2417 1847 2510 pluribus
1920 2415 2354 2489 dioecesibus
2430 2417 2733 2489 finitima
2804 2430 2983 2491 suut
3010 2470 3033 2503 ,

905 2537 1142 2630 priore
1206 2538 1279 2608 in
1343 2560 1510 2610 casu
1583 2540 1939 2631 proximae
2002 2537 2306 2609 dioecesi
2372 2558 2821 2630 aggregamus
2853 2589 2881 2626 ,
2952 2553 3029 2611 et

907 2659 1463 2752 incorporamuS,
1539 2663 1697 2734 sive
1763 2660 1849 2732 de
1924 2657 2291 2732 territoriis
2362 2671 2633 2750 agatur,
2714 2659 2869 2733 sive
2944 2663 3035 2732 dc

909 2779 1234 2852 seiunctis
1288 2781 1456 2854 locis
1519 2783 1606 2852 ad
1659 2783 1777 2853 illa
1838 2781 2362 2874 spectantibus:
2432 2782 2657 2852 altero
2722 2781 2797 2852 iu
2864 2803 3037 2854 casu

905 2901 1011 2971 illi
1051 2902 1354 2974 dioecesi
1395 2880 1847 2994 aggregamus
1908 2914 1979 2974 et
2044 2904 2597 2996 incorporamus,
2661 2903 2871 2974 cuius
2908 2923 3039 2976 ec-

905 3022 1186 3094 clesiam
1221 3024 1694 3096 cathedralem
1734 3026 2131 3117 propiorem
2166 3024 2453 3096 habent.
2498 3019 2833 3114 Singulas
2879 3047 3037 3116 pro-

905 3155 1148 3236 pterea
1203 3147 1576 3229 civitatee„
1641 3147 1941 3239 oppida,
2008 3165 2269 3238 pagos,
2326 3144 2446 3237 qui
2495 3148 2569 3216 in
2638 3147 3027 3238 praedictis

905 3265 1280 3338 territoriis
1345 3267 1715 3351 existunt,
1790 3288 2173 3360 eorumque
2248 3266 2513 3339 incolas
2596 3280 2671 3338 et
2742 3269 3037 3361 quasvis

907 3387 1264 3472 ecclesiaS,
1325 3388 1480 3460 sive
1536 3389 1972 3481 collegiatus,
2032 3390 2181 3460 sive
2247 3389 2685 3480 parochiales
2742 3400 2819 3461 et
2876 3413 3039 3463 suc-

909 3509 1262 3588 can-sales,
1335 3510 1638 3580 oratoria
1674 3557 1693 3592 ‚
1769 3507 1881 3601 pia
1946 3509 2297 3601 quaelibet
2362 3521 2435 3581 et
2506 3509 2821 3582 cuiusvis
2892 3533 3033 3585 uo·-

907 3627 1120 3698 minis
1187 3625 1550 3714 Instituta,
1617 3629 1953 3702 beneficia
2018 3628 2547 3713 ecclesiastica,
2610 3640 2727 3700 aut
2804 3637 3042 3724 capel·

905 3747 1172 3831 laniaS,
1241 3751 1300 3820 si
1367 3771 1548 3843 quae
1615 3752 1801 3832 sint,
1871 3772 2001 3823 nec
2069 3772 2207 3822 non
2274 3739 2703 3824 monasteria
2782 3773 3043 3826 sacra-

909 3889 1062 3939 r-um
1119 3871 1468 3962 virginum
1525 3872 1925 3944 ordinariae
1960 3919 1979 3954 ,
2046 3865 2191 3941 sive
2231 3893 2272 3942 a
2316 3873 2465 3943 iure
2534 3873 2646 3943 vel
2716 3873 2807 3942 ab
2858 3872 3044 3968 Apo-

906 3991 1148 4063 stolica
1207 3987 1388 4063 Sede
1456 3993 1853 4084 specialiter
1918 3993 2277 4082 delegatae
2346 3992 2891 4072 iurisdictionis,
2934 4017 3047 4066 re-

907 4113 1148 4203 gimini
1187 4124 1260 4183 et
1317 4113 1909 4184 administrationi
1950 4113 2443 4188 committimus
2498 4127 2569 4184 et
2620 4114 3043 4188 subiicimus

909 4227 1414 4326 Episcoporum
1483 4255 1606 4325 pro
1684 4247 1998 4326 tempore
2066 4235 2457 4308 sedentium
2536 4237 2611 4306 in
2680 4237 2767 4306 iis
2832 4237 3043 4308 dioe-

908 4353 1212 4438 cesibuS,
1271 4354 1524 4446 quibus
1575 4355 1824 4428 eadem
1878 4355 2249 4442 territoria,
2310 4367 2429 4426 aut
2498 4357 2645 4428 loca
2706 4357 3031 4428 seiuncta
