3292 5275
870 488 990 580 66'

871 635 1068 713 Sacri
1125 634 1514 715 Tribunalis
1569 641 1959 736 scripturas
2013 640 2459 733 diripienteS‚
2519 653 2640 714 aut
2693 640 2977 714 combu-

871 772 1108 833 rentes
1139 808 1161 845 ‚
1220 760 1330 833 vel
1385 759 1757 853 praedictis
1810 760 2235 855 quibuslibet
2296 762 2633 837 auxilium
2666 809 2687 846 ‚
2742 766 2977 835 consi-

870 881 1068 967 lium,
1125 882 1438 955 favorem
1493 892 1957 975 praestantes.

1892 1115 1970 1197 3.

1082 1359 1486 1437 Alienantes
1535 1376 1608 1437 et
1662 1366 1976 1458 recipere
2029 1376 2557 1457 praesumentes
2624 1368 2809 1441 bona
2861 1388 2985 1441 ec-

871 1482 1252 1559 clesiastica
1287 1484 1551 1579 absque
1587 1480 2045 1578 Bencplacito
2084 1482 2508 1578 Apostolico‚
2558 1488 2646 1560 ad
2686 1490 2981 1562 formam

873 1600 1414 1700 Extravagantis
1469 1600 1899 1679 Ambitiosae
1972 1601 2078 1679 De
2134 1602 2311 1678 Reb.
2370 1602 2540 1679 Ecc.
2604 1630 2744 1683 non
2810 1608 2986 1683 alie-

877 1726 1151 1799 nandis.

1910 1956 1978 2038 4.

1085 2190 1523 2301 Negligentes
1579 2211 1727 2281 sive
1782 2210 2224 2301 culpabiliter
2260 2210 2661 2286 omittentes
2715 2212 2987 2285 denun-

874 2332 1064 2406 ciare
1120 2331 1299 2402 infra
1355 2350 1667 2403 mensem
1718 2323 2190 2403 confessarios
2268 2332 2420 2407 sive
2475 2328 2887 2405 Sacerdotes
2942 2354 2984 2405 a

874 2449 1127 2547 quibus
1180 2449 1524 2525 sollicitati
1577 2449 1841 2524 rucrint
1886 2452 1974 2523 ad
2012 2453 2249 2547 turpia
2286 2452 2359 2524 in
2396 2452 2829 2547 quibuslibet
2866 2473 2989 2525 ca-

874 2572 1064 2648 sibus
1119 2574 1472 2666 expressis
1528 2593 1568 2645 a
1625 2566 2069 2646 PraedeceSS.
2130 2566 2404 2646 Nostris
2459 2568 2794 2666 Gregorio
2832 2566 2983 2645 XV.

873 2692 1176 2770 Constit.
1240 2691 1560 2770 Universa·
1637 2685 1770 2765 20.
1852 2690 2149 2784 Augusti
2210 2684 2437 2766 1622.
2524 2705 2597 2767 ct
2679 2689 2989 2767 Benedi-

876 2825 992 2889 cto
1029 2809 1213 2886 XIV.
1268 2808 1573 2888 Constit.
1635 2806 2176 2886 Sacramentum
2224 2813 2699 2912 poenitentiae
2762 2805 2826 2888 l.
2869 2811 2992 2890 lu-

877 2933 972 3006 nfi
1031 2923 1261 3007 1741.

1087 3049 1381 3126 Praeter
1455 3054 1578 3128 hos
1633 3054 1974 3158 hactenus
2038 3055 2419 3129 recensitos
2454 3102 2477 3139 ,
2532 3076 2653 3129 eos
2707 3077 2992 3150 quoque

877 3194 1056 3270 quos
1095 3169 1628 3248 Sacrosanctum
1666 3171 2061 3248 Concilium
2098 3170 2615 3262 Tridentinum,
2671 3175 2819 3248 sive
2878 3197 2994 3249 re-

879 3304 1162 3368 servata
1219 3316 1486 3368 summo
1543 3291 1866 3367 Pontifici
1921 3308 2045 3368 aut
2083 3291 2474 3369 ordinariis
2526 3296 2993 3383 absolutione,

877 3417 1030 3492 sive
1083 3416 1348 3513 absque
1401 3417 1540 3490 ulla
1597 3417 2073 3490 reservatione
2131 3418 2785 3502 excommunicavit,
2844 3412 2993 3490 Nos

877 3537 1140 3634 pariter
1196 3537 1292 3608 ita
1346 3537 1984 3611 excommunicatos
2036 3557 2191 3610 esse
2255 3536 2743 3626 declaramus3
2795 3555 2997 3618 exce-

877 3669 996 3753 pta
1049 3657 1520 3731 anathematis
1573 3678 1799 3750 poena
1836 3658 1913 3729 in
1946 3653 2247 3730 Decreto
2283 3652 2465 3729 Sess.
2504 3651 2621 3727 IV.
2666 3651 2777 3729 De
2832 3651 2996 3728 edi-

879 3776 1070 3852 tione
1121 3789 1188 3850 et
1239 3799 1373 3850 usu
1427 3770 1816 3850 Sacrorum
1854 3771 2240 3850 Librorum
2294 3779 2705 3864 constituta,
2760 3779 2871 3848 cui
2914 3779 2999 3849 il-

878 3896 982 3971 los
1037 3909 1312 3973 tantum
1367 3897 1720 3970 subiaccre
1777 3899 2129 3985 volumuS‚
2185 3897 2306 3992 qui
2359 3899 2577 3972 libros
2642 3899 2727 3969 dc
2783 3898 2999 3972 rebus

881 4013 1114 4090 Sacris
1171 4030 1542 4092 tractantes
1595 4019 1747 4092 sine
1784 4013 2133 4092 ordinarii
2190 4019 2701 4114 approbatione
2758 4017 3011 4112 nupti--

879 4151 1108 4228 munt,
1165 4151 1290 4216 aut
1345 4139 1644 4238 imprimi
1702 4138 1987 4216 faciunt.
