3292 5275
830 473 937 558 30

828 620 961 693 bus
1014 620 1312 712 negotiis
1344 603 1810 713 'praepositae
1851 613 2158 698 Archivo
2215 619 2304 700 ad
2361 621 2462 696 rei
2518 624 2838 698 normam
2875 633 2952 698 et

829 743 1229 814 memoriam
1285 743 1691 834 perenniter
1745 742 2200 815 adservanda.

1040 858 1246 934 Modo
1300 861 1514 951 igitur
1568 856 1652 931 R.
1685 857 1767 932 P.
1799 857 1890 932 D.
1945 857 2246 942 Michael
2293 857 2600 954 Angelus
2640 858 2941 938 Orlandi

830 981 1207 1055 hodiernus
1242 977 1637 1076 Episcopus
1674 977 2008 1073 Apuanus
2045 983 2244 1074 gravi
2299 993 2534 1056 aetate
2590 983 2956 1068 laborans»,

834 1111 907 1176 et
962 1124 1083 1175 suo
1136 1113 1211 1172 et
1268 1101 1483 1176 totius
1512 1102 1744 1174 ‚illius
1773 1096 2220 1196 Capituli‚-et
2254 1099 2444 1186 Cleri
2500 1101 2780 1198 Apuani
2828 1127 2956 1179 no-

835 1224 1023 1296 mine
1076 1222 1420 1294 instanter
1458 1219 1822 1297 Summum
1865 1221 2284 1308 Pontificem
2317 1221 2526 1302 Pium
2566 1226 2781 1300 huius
2820 1221 2958 1300 No-

836 1343 1047 1416 minis
1101 1339 1375 1418 Nonum
1426 1345 1625 1416 adire
1679 1365 1822 1418 non
1887 1346 2266 1431 dubitavit,
2321 1343 2552 1440 Eique
2617 1347 2956 1441 efflagita-

838 1467 1068 1537 tiones
1120 1467 1453 1538 maximas
1506 1467 1959 1549 submittere,
1997 1479 2078 1544 ut
2133 1470 2440 1542 resoluta
2483 1467 2692 1538 etiam
2731 1489 2957 1561 quan-

840 1587 1229 1680 documque
1285 1588 1690 1660 conditione
1747 1584 2314 1680 Apostolicarum
2369 1583 2800 1660 Litterarum
2857 1589 2962 1658 ni-

834 1709 1209 1781 hilominus
1265 1709 1552 1782 effectus
1609 1709 2333 1781 earumdem-interim
2373 1709 2942 1802 suspenderetur,

840 1842 922 1903 ut
962 1841 1153 1902 tanta
1190 1825 1528 1922 Apuanae
1564 1825 1928 1902 Dioecesis
1968 1833 2441 1922 paraeciarum
2497 1830 2961 1900 dismembra-

838 1952 941 2024 tio
998 1951 1228 2023 averti
1285 1952 1514 2043 aliquo
1573 1951 1775 2020 modo
1831 1961 2110 2042 posset,
2167 1964 2239 2021 et
2281 1995 2286 2000 ⁶
2324 1950 2652 2042 ingruens
2729 1949 2960 2023 eidem

842 2072 1217 2161 singularis
1272 2071 1533 2142 iactura
1592 2070 1676 2141 ad
1728 2063 2036 2142 alterum
2091 2068 2455 2142 consilium
2493 2079 2620 2163 p'ro
2651 2063 2728 2140 S.
2758 2064 2962 2143 Sedis

838 2187 1281 2298 Apostotlicae
1334 2192 1767 2302 benignitate
1821 2181 2304 2284 opportunius
2336 2197 2818 2265 revocaretur.

1048 2289 1284 2401 Quare
1374 2299 1884 2386 Sanctissimae
1947 2303 2304 2384 Pontifex
2403 2311 2950 2404 supplicationes

837 2433 1241 2507 huiusmodi
1275 2417 1750 2506 favorabiliter
1783 2427 2104 2526 excipere
2143 2431 2421 2516 volens,
2449 2432 2757 2514 cunctis
2779 2441 2964 2524 quae

844 2555 919 2625 in
974 2553 1047 2625 id
1101 2553 1536 2648 in'sp‘icienda
1598 2567 1828 2643 erant,
1895 2565 2220 2627 matura.
2251 2551 2764 2626 deliberatione.
2809 2565 2972 2646 per·-

842 2654 1123 2769 pensiffi'
1171 2670 1409 2751 habita
1466 2668 2176 2750 circumstantiarum
2198 2688 2268 2747 et
2303 2682 2726 2767 temporum,
2761 2688 2970 2768 prae-

842 2798 1085 2869 sertim
1142 2820 1268 2889 pro
1324 2782 1666 2893 Apuanae
1720 2784 2084 2871 Dioecesi's
2137 2795 2716 2878 consideratione,
2765 2804 2971 2869 motu.

840 2894 1057 2987 veluti
1094 2920 1408 3011 proprio,
1438 2922 1669 3014 deque
1699 2910 1886 2993 Suae
1923 2914 2368 3010 Apostolicae
2403 2917 2768 3008 potestatis
2809 2916 2962 3007 ple-

844 3036 1167 3110 ni'tudine
1218 3040 1394 3112 haec
1450 3048 1631 3134 q'uae
1687 3050 2074 3139 sequuntur
2105 3041 2187 3117 iu
2219 3032 2542 3111 Decretis
2595 3036 2962 3117 observari

840 3158 1221 3231 mandavit.
1290 3153 1299 3163 “

1893 3340 1925 3417 1

1056 3530 1290 3608 Primo
1350 3501 1558 3634 igitur
1616 3527 2012 3625 relatarum
2053 3560 2386 3649 superius
2426 3556 2988 3680 Apostolicarum

844 3626 1347 3751 Litterarum
1339 3648 1765 3740 canonicum
1827 3674 2216 3766 effectum,
2256 3686 2672 3781 plenamque
2749 3694 2988 3767 obser·

844 3776 1157 3869 'vanuam
1196 3783 1451 3908 quoad
1508 3772 2198 3873 dismembrationem
2255 3805 2556 3895 plurium
2623 3816 2984 3905 paroecia-

844 3896 1007 3969 'rum
1062 3893 1179 3969 ab
1207 3899 1503 3998 Apuana
1562 3904 1888 3985 Dioecesi
1924 3920 2325 4018 aliquando
2381 3921 2809 4003 efficiendam
2867 3938 2982 4007 al:-

843 4015 1129 4112 terique
1176 4009 1633 4103 Massanensi
1695 4034 2232 4125 adiudicandam
2293 4053 2372 4117 ut
2425 4034 2725 4158 primum
2763 4051 2982 4131 Sedes

847 4136 972 4209 illa
1026 4147 1420 4234 vacaverit,
1453 4152 1782 4244 quamvis
1823 4164 2390 4253 exequutorialia
2447 4170 2703 4245 iamdiu
2771 4176 2840 4248 in
2905 4158 2980 4252 id

849 4269 1007 4349 acta
1064 4261 1151 4331 ab
1189 4257 1594 4370 Apostolico
1630 4266 1969 4369 Delegato
2033 4302 2194 4355 cum
2243 4286 2568 4383 clausula
2623 4312 2810 4367 nunc
2848 4320 2974 4390 pro

838 4378 1017 4451 tunc
1058 4377 1352 4481 expleta'
1358 4400 1568 4485 atque
1607 4396 1896 4490 vulgata
1935 4386 2722 4493 fuerint3nihilori1'inus
2753 4410 2972 4492 Sum-
