3292 5275
2349 435 2508 518 375

391 573 876 647 nunciationes
936 582 1087 650 tum
1140 597 1269 670 pro
1307 571 1539 647 Sacris
1578 571 1960 648 Ordinibus
2015 576 2510 672 suscipiendis,

391 706 541 767 tum
595 716 721 787 pro
758 689 1219 770 Matrimoniis
1283 697 1355 766 in
1402 695 1650 767 faciem
1683 690 2040 768 Ecclesiae
2095 697 2512 770 contrahen-

389 815 496 886 dis
552 827 765 889 erunt
817 837 1092 910 semper
1146 817 1393 890 eadem
1446 817 1525 888 in
1562 811 1920 916 Abbatiali
1957 810 2278 888 Ecclesia
2331 837 2506 890 exe-

387 935 712 1028 quendae
746 984 767 1020 ‚
826 947 899 1008 et
954 937 1359 1029 supradicto
1410 931 1796 1030 Capeliano
1872 937 2100 1009 aulico
2157 958 2334 1010 onus
2392 938 2512 1010 in-

387 1055 671 1130 cumbet
708 1057 782 1130 in
820 1057 1134 1150 singulos
1170 1079 1445 1130 menses
1484 1055 1840 1130 Abbatiali
1866 1051 2352 1130 cancellariae
2392 1080 2514 1131 no-

391 1176 614 1249 tulam
664 1177 995 1252 exhibere
1070 1189 1220 1251 tum
1296 1191 1628 1251 natorum
1663 1225 1686 1262 ‚
1745 1187 1902 1250 tum
1956 1178 2452 1255 defunctorum
2486 1231 2508 1267 ,

389 1304 534 1370 tum
588 1319 835 1371 eorum
888 1300 1011 1395 qui
1054 1295 1127 1372 S.
1170 1295 1619 1372 Matrimonio
1660 1299 1792 1371 rite
1831 1297 2123 1373 luerunt
2177 1300 2508 1394 copulati.

603 1410 1161 1494 13.'Caeterum
1222 1415 1660 1514 Exequutori
1736 1419 2026 1492 inferius
2107 1420 2510 1514 deputando

390 1539 746 1615 mandavit
802 1563 967 1615 cum
1014 1541 1344 1615 omnibus
1383 1539 1864 1624 facultatihuS,
1907 1551 1984 1611 ut
2021 1543 2298 1614 collatis
2355 1565 2510 1616 cum

388 1654 841 1735 Serenissimo
894 1658 1221 1755 Principe
1298 1660 1615 1734 consiliis
1652 1706 1674 1744 ,
1732 1682 1976 1735 omnes
2058 1664 2511 1757 quaestiones

388 1802 569 1873 quae
624 1803 751 1874 pro
786 1781 1287 1856 beneficiorum
1322 1802 1918 1877 quorumcumque
1973 1785 2127 1856 sive
2183 1804 2514 1876 praesen-

392 1899 677 1988 tatione,
734 1905 885 1976 sive
939 1904 1426 1977 nominatione
1484 1923 1525 1974 a
1577 1896 1937 1996 Principe,
1997 1903 2290 1998 eiusque
2343 1903 2510 1979 hae-

392 2021 673 2098 redibus
754 2036 829 2096 et
882 2021 1427 2098 Successoribus
1512 2025 1586 2095 in
1673 2024 1960 2118 singulis
2024 2023 2508 2100 vacationibus
2593 2047 2599 2054 ·

390 2145 807 2236 peragenda,
839 2146 957 2220 vel
1012 2145 1161 2218 iure
1218 2152 1644 2238 patronatus
1703 2145 1818 2216 vel
1873 2147 2011 2218 alio
2067 2166 2506 2240 quocumque

392 2264 595 2338 titulo
650 2267 839 2338 inter
876 2261 1117 2359 Ipsum
1171 2279 1245 2338 et
1282 2263 1623 2338 Abbatem
1661 2258 2112 2338 ordinarium
2169 2287 2294 2360 pro
2333 2277 2510 2372 tem-7

388 2407 555 2478 pore
611 2387 777 2460 oriri
833 2400 1147 2482 possent,
1186 2388 1323 2459 iam
1380 2407 1572 2459 nunc
1612 2387 1900 2460 omnino
1957 2387 2509 2480 praeveniantur

387 2519 461 2579 et
516 2509 1037 2602 praecidantur3
1074 2520 1287 2602 atque
1342 2507 1696 2580 communi
1738 2527 2080 2580 consensu
2140 2509 2288 2578 iura
2345 2508 2508 2594 binc

389 2628 553 2703 inde
630 2642 970 2727 perpetuo
1026 2639 1565 2725 „componantur
1622 2640 1696 2701 et
1753 2637 2192 2712 statuantur,
2253 2629 2506 2717 etiam,

384 2761 733 2844 quatenus
788 2773 965 2851 opus
1019 2749 1265 2836 luerit,
1322 2749 1658 2842 peculiari
1717 2750 2040 2845 suppleto
2093 2745 2507 2843 Apostolico

387 2868 667 2946 Indulto
722 2874 964 2965 vigore
1017 2869 1547 2946 Consistorialis
1621 2872 1831 2943 huius
1886 2865 2226 2958 Decreti;
2293 2882 2373 2944 ut
2437 2882 2509 2943 et

384 2986 785 3087 Principum
838 2993 1087 3087 pietati
1140 2990 1467 3075 satisfiat,
1525 3005 1600 3065 et
1653 2993 1780 3087 qui
1834 2990 2232 3066 huiusmodi
2290 2992 2510 3064 colla·
2577 3004 2580 3007 ’

387 3112 693 3187 tionibus
748 3115 1204 3208 providentur
1259 3112 1557 3185 utilitati
1616 3107 2014 3207 Ecclesiae,¹
2072 3120 2143 3184 et
2198 3108 2510 3185 Christi-

384 3232 695 3307 lidelium
751 3235 937 3307 bono
992 3236 1083 3309 ad
1166 3233 1623 3307 excolendam
1705 3233 2161 3327 peculiariter
2217 3226 2498 3305 Domini

384 3351 661 3427 vineam
718 3376 967 3427 revera
1022 3377 1171 3427 sese
1228 3356 1472 3427 vocari
1532 3352 1968 3447 dignoscant.

602 3466 728 3549 14.
786 3472 1253 3567 Quamobrem
1308 3471 1666 3549 Sanctitas
1707 3471 1851 3548 Sua
1914 3477 1986 3547 in
2045 3474 2338 3546 huiusce
2376 3467 2512 3545 Dc-

383 3595 557 3669 creti
594 3592 1123 3692 Exequutorem
1164 3594 1654 3690 Apostolicum
1691 3598 2035 3693 deputare
2072 3594 2352 3689 dignata
2399 3605 2509 3678 est

384 3706 649 3790 R.P.D.'
673 3714 960 3791 Petrum
989 3714 1357 3793 Casaretto
1381 3713 1660 3790 Ordinis
1698 3714 1770 3791 S.
1795 3713 2156 3789 Benedicti
2188 3711 2512 3805 Congre-

382 3837 681 3929 gationis
746 3836 1175 3913 Cassinensis
1230 3840 1637 3933 primaevae
1703 3834 2211 3912 observantiae
2271 3830 2511 3906 Abba-

384 3969 523 4032 tem
558 3954 973 4033 Generalem
1010 3981 1171 4035 cum
1210 3958 1399 4032 omni
1438 3970 1790 4053 potestate
1830 3978 1970 4031 non
2011 3957 2240 4032 solum
2292 3956 2506 4028 etiam

382 4082 677 4155 alteram
710 4082 1255 4155 ecclesiasticam
1311 4101 1682 4177 personam
1739 4082 1814 4151 in
1869 4080 2210 4175 dignitate
2271 4087 2506 4149 tamen

382 4202 837 4276 constitutam
891 4202 1197 4295 eligendi
1254 4214 1324 4276 et
1380 4201 1910 4297 subdelegandi;
1949 4202 2069 4273 sed
2104 4197 2508 4273 huiusmodi
