3292 5275
882 467 1035 549 174

875 602 1860 707 Apostolicumxvisitatorem
1900 609 2472 699 renuntiavimus
2507 618 2578 682 et
2617 608 2996 682 constitui-

876 748 1063 811 muS,
1103 727 1289 799 facta
1325 727 1535 800 etiam
1592 726 1688 798 illi
1729 738 2084 820 potestate
2123 728 2298 798 alias
2337 749 2666 819 personas
2704 728 2838 799 sibi
2876 728 2996 801 be·

878 847 1157 922 nevisas
1210 848 1284 919 in
1340 858 1573 939 partes
1629 847 1840 921 huius
1897 845 2110 921 officii
2169 847 2694 939 subdelegandi.
2751 842 2846 920 Et
2899 870 2992 921 ne

877 966 1277 1041 huiusmodi
1332 960 1733 1041 visitationi
1795 969 2289 1063 impedimento
2327 970 2471 1043 ulla
2528 970 2800 1042 ratione
2835 991 2996 1043 esse

882 1097 1115 1179 posset
1169 1081 1464 1158 Abbatis
1504 1084 1869 1160 Generalis
1906 1089 2313 1174 auctoritas,
2354 1089 2874 1174 mandavimus,
2913 1102 2998 1162 ut

880 1202 1053 1279 Ven.
1112 1202 1366 1282 Frater
1427 1199 1758 1281 Placidus
1833 1204 2254 1300 Kasangian,
2308 1208 2426 1304 qui
2500 1212 2843 1283 hactenus
2897 1232 2995 1285 ex

880 1325 1307 1418 indulgentia
1342 1321 1597 1401 Nostra
1634 1340 1707 1400 et
1743 1329 1831 1401 ad
1869 1341 2116 1403 nutum
2152 1324 2225 1400 S.
2267 1326 2464 1403 Sedis
2516 1352 2764 1403 munus
2801 1331 2994 1405 istud

883 1460 1218 1539 gesserat,
1259 1447 1346 1519 ab
1381 1446 1609 1521 officio
1646 1446 1944 1521 Abbatis
1981 1445 2345 1523 Generalis
2385 1450 2672 1542 praefati
2710 1445 2996 1525 Ordinis

882 1567 1271 1640 discederet
1324 1580 1395 1638 et
1446 1581 1756 1641 cessaret
1808 1572 2116 1642 omnino.

1095 1682 1443 1781 Equidem
1508 1687 1896 1780 optandum
1963 1690 2236 1776 fuisset,
2275 1702 2352 1761 ut
2385 1689 2567 1763 idem
2605 1686 2777 1764 Ven.
2819 1688 2876 1763 F
2877 1716 2998 1765 ra-

884 1818 994 1877 ter
1050 1800 1401 1881 Antonius
1456 1803 1794 1900 Iosephus
1835 1805 2314 1901 Apostolicam
2350 1808 2815 1887 visitationem
2849 1810 3000 1887 Ro-

884 1946 1041 1999 mae
1098 1928 1499 2020 auspicatus
1556 1940 1788 2001 esset:
1846 1929 2098 2003 verum
2169 1929 2614 2023 gravissimae
2667 1945 2737 2005 et
2791 1956 2999 2007 num-

882 2069 1097 2142 quam
1136 2049 1307 2119 satis
1344 2048 1848 2140 improbandae
1887 2052 2482 2143 perturbationeS,
2521 2054 2774 2147 quibus
2808 2051 3001 2129 Con-

884 2169 1510 2262 stantinopolitana
1566 2164 2054 2245 Armeniorum
2107 2168 2426 2280 Ecclesia
2483 2175 2621 2245 iam
2676 2175 2834 2246 inde
2887 2176 3003 2247 di-

884 2289 1293 2369 vexabatur,
1348 2302 1748 2373 suaserunt,
1791 2298 1872 2365 ut
1928 2274 2100 2365 illuc
2151 2278 2567 2385 quantocius
2623 2307 2995 2381 remearet,

773 2480 780 2486 .
886 2409 989 2481 rei
1044 2409 1423 2484 catholicae
1478 2412 1959 2485 consulturus.
2018 2409 2280 2485 Idcirco
2345 2426 2770 2489 memoratae
2824 2416 3004 2489 visi-

890 2532 1145 2603 tationi
1176 2532 1279 2603 .in
1332 2532 1465 2603 liae
1518 2530 1690 2603 alma
1746 2528 1932 2605 Urbe
1990 2534 2458 2625 peragendae,
2515 2536 2708 2608 vices
2763 2548 2834 2608 et
2885 2538 3003 2609 fa-

884 2653 1190 2724 cultates
1246 2673 1403 2724 suas
1462 2652 1952 2744 subdelegavit
2005 2655 2264 2727 dilecto
2299 2654 2440 2727 filio
2483 2651 2560 2726 P.
2603 2653 2876 2748 ignatio
2912 2660 3000 2732 ab

882 2767 1157 2844 Infante
1194 2768 1353 2846 lesu
1390 2773 1735 2844 sacerdoti
1777 2775 2092 2866 professo
2129 2785 2202 2846 et
2229 2770 2632 2848 Consultori
2667 2772 3000 2854 Generali

883 2885 1482 2994 congregationis,
1524 2893 1635 2964 cui
1677 2914 1720 2964 a
1759 2889 1976 2976 ,Ssffia
2013 2890 2246 2974 Cruoe
2281 2903 2354 2968 et
2405 2890 2738 2975 passione
2776 2891 2866 2968 D.
2901 2891 2995 2970 Ν.

883 3008 943 3085 Ι.
999 3008 1081 3084 C.
1139 3011 1405 3084 titulus·
1442 3023 1573 3084 est.
1622 3007 1760 3099 Qui
1815 3013 2100 3107 quidem
2151 3035 2320 3094 cum
2367 3033 2462 3088 ex
2497 3017 3004 3108 'peculiaribus

885 3135 1113 3218 causis
1166 3127 1438 3230 Nobis-
1463 3135 1651 3208 notis
1705 3144 1776 3204 et
1831 3134 2143 3226 probatis
2227 3136 2505 3210 veniam
2580 3136 2872 3228 petierit
2923 3159 3004 3212 se

886 3253 1259 3338 abdicandi
1315 3252 1672 3346 pmedicto
1705 3275 2016 3331 munere
2069 3250 2490 3329 visitatoris·
2533 3256 3004 3350 subdelegati,

884 3370 1028 3449 Nos
1082 3373 1399 3455 eiusdem·
1444 3376 1632 3458 votis
1686 3377 2137 3451 annuendum
2187 3377 2598 3456 censuimus-
2611 3395 2640 3464 3
2695 3397 2782 3458 ac
2833 3400 3007 3471 pro·

884 3505 1125 3589 pterea
1193 3496 1385 3576 ‚hanc
1416 3497 1647 3578 zeias.
1691 3497 2308 3573 ·renuneintionem
2365 3498 2440 3570 vi
2527 3500 3006 3600 praesentium

888 3611 1312 3700 Litterarum
1367 3615 1794 3690 admittimus
1847 3628 1922 3692 ct
1961 3615 2390 3710 excipimus.

902 3783 949 3802 .·
988 3735 1283 3814 ··..Cum
1338 3755 1507 3816 vero
1563 3739 2036 3818 necessarium
2081 3738 2378 3813 omnino
2435 3738 2553 3823 sit,
2591 3749 2676 3814 ut
2703 3733 3012 3832 Aposto-

831 3858 1021 3934 ·lica
1048 3855 1387 3940 „visitatio
1464 3857 1806 3950 praedicti
1893 3856 2271 3933 Antoniani
2325 3853 2638 3932 Armenii
2721 3853 3010 3940 Ordinis

885 3973 1158 4062 Romae
1187 3988 1591 4073 peragatur,
1624 3981 1924 4072 eiusque
1951 3980 2398 4067 necessitatis
2429 4000 2616 4052 nova
2643 3979 2730 4052 de
2759 3980 2874 4052 die
2931 3979 3010 4054 in

892 4097 1083 4204 diem
1136 4110 1549 4188 argumenta
1596 4111 2036 4192 suppetant,
2077 4099 2342 4173 idcirco
2376 4100 2466 4175 de
2521 4098 2814 4182 consilio
2861 4094 3011 4175 ·Ve-.

894 4216 1323 4318 nerabilium
1338 4215 1665 4302 Fratnum
1699 4194 2121 4305 Nostrorum
2156 4214 2230 4294 S.
2263 4215 2366 4293 R.-
2392 4215 2479 4292 E.
2520 4217 3006 4302 cardinalium

894 4335 1467 4436 sangregationis
1498 4341 1589 4421 de
1626 4336 2085 4438 propaganda
2139 4337 2318 4426 Fica
2351 4357 2476 4440 pro
2529 4343 2834 4440 negotiis
2869 4337 3010 4419 Ri-
