3292 5275
841 454 997 537 :394

920 587 1089 669 quod
1116 586 1475 653 catholicae
1504 586 1790 651 familiae
1817 586 2250 667 tranquillitas
2279 594 2344 651 et
2371 586 2599 669 quies
2581 604 2648 649 m
2671 586 2794 649 bo·—

916 698 1071 743 num
1116 681 1279 743 redit
1318 682 1650 743 nationum
1695 679 2216 743 omnium..
2567 726 2586 742 .
2753 700 2788 739 s
2865 676 2952 744 38

838 864 1127 948 Epistola
1162 866 1243 927 ad
1268 866 1535 930 dilectos
1566 866 1732 929 tilios
1753 864 2100 929 Henricum
2129 865 2411 945 Abeille,
2434 865 2782 930 Henricum

918 958 1246 1041 Bergasse‚
1286 978 1361 1022 ac
1402 968 1676 1039 ceteros,
1716 962 1828 1041 qui
1867 960 2062 1023 simul
2087 960 2444 1024 Massiliam
2483 962 2784 1025 coierunt

916 1054 1109 1117 rebus
1172 1052 1503 1115 catholicis
1562 1055 1966 1133 prospecturi
2007 1086 2088 1099 —-
2129 1051 2304 1117 Inter
2349 1052 2666 1117 teterrima
2701 1082 2780 1099 -

914 1147 1015 1211 die
1053 1143 1133 1210 27
1172 1146 1353 1207 iunii.
1420 1142 1655 1209 initum
1717 1162 1756 1207 a
1807 1147 2186 1227 supradictis
2233 1147 2528 1209 fidelibus
2575 1146 2780 1207 consi-

912 1238 1073 1301 lium
1112 1235 1511 1299 commendat
1549 1237 1924 1299 consulendi
1951 1238 2122 1299 omni
2163 1239 2412 1301 ratione
2451 1236 2778 1315 religionis

915 1330 1271 1393 catholicae
1312 1327 1660 1391 defensioni
1699 1336 1770 1392 et
1805 1329 2150 1410 profectui,
2177 1337 2242 1393 et
2265 1330 2638 1393 nominatim
2677 1346 2778 1391 re·

922 1430 1063 1487 ctae
1124 1422 1485 1486 educationi
1526 1424 1846 1504 pueritiae
1905 1432 1972 1487 et
2021 1424 2488 1489 adolescentiae
2531 1428 2626 1487 tot
2663 1425 2782 1485 in-

912 1519 1165 1598 piorum
1204 1516 1443 1579 insidiis
1482 1525 1549 1579 et
1588 1518 1920 1581 fraudibus
1961 1520 2452 1597 circumseptae.
2481 1516 2630 1581 Noa
2657 1516 2782 1577 du-

916 1612 1079 1674 bitat
1116 1612 1271 1689 quin
1312 1610 1425 1671 alii
1464 1609 1686 1673 fideles
1729 1620 1856 1673 tam
1897 1611 2212 1674 laudabili
2235 1613 2531 1690 incoepto
2571 1619 2780 1673 certa-

913 1704 1025 1766 tim
1064 1703 1390 1783 suppetias
1430 1704 1629 1767 laturi
1672 1704 1822 1781 sint,
1863 1706 2242 1784 praesertim
2291 1703 2547 1781 clerus,
2591 1703 2779 1765 cuins

912 1806 1009 1861 est
1046 1796 1349 1877 exemplo
1386 1797 1768 1876 praelucere
1819 1840 1838 1859 .
2006 1842 2023 1858 .
2189 1842 2210 1859 .
2371 1840 2392 1875 ,
2559 1840 2576 1859 .
2739 1816 2776 1855 a
2855 1790 2936 1861 51

834 1982 1117 2049 Litterae
1156 1982 1567 2063 Apostolicae
1628 1984 1750 2046 sub
1812 1984 2054 2049 annulo
2101 1981 2446 2049 Piscator-is
2481 2016 2566 2033 --
2603 1982 2774 2049 Reii-

912 2078 1233 2163 9iosorum
1279 2075 1593 2142 ordinum
1628 2076 1904 2157 familias
1939 2110 2022 2125 —-·
2057 2078 2160 2141 die
2198 2074 2279 2143 12
2325 2079 2496 2141 iulii.
2543 2077 2776 2141 Omnia

908 2192 1077 2257 quae
1136 2177 1285 2234 sunt
1342 2188 1641 2251 quaeque
1683 2169 1916 2233 tutaris
1957 2172 2350 2251 temporibus
2389 2178 2582 2235 erunt
2619 2188 2766 2233 en-

908 2268 971 2331 in
1014 2265 1241 2329 insulis
1270 2261 1650 2345 Philippinis
1691 2271 1826 2325 tum
1869 2264 1934 2325 in
1971 2263 2116 2327 aliis
2157 2266 2450 2327 omnibus
2477 2262 2780 2345 Hispani-

907 2378 1023 2423 cae
1064 2357 1303 2421 Ditioni
1344 2358 1645 2421 subiectis
1704 2358 1866 2419 locis
1907 2356 2238 2421 Coenohia
2263 2400 2283 2435 ‚
2329 2356 2618 2437 collegia
2643 2398 2668 2435 ,
2703 2366 2774 2421 et

908 2453 1201 2534 Hospitis
1244 2448 1547 2513 Fratrum
1587 2451 1846 2513 Ordinis
1887 2450 2438 2529 Praedicatorum,
2477 2462 2546 2515 et
2579 2470 2776 2531 regn-

908 2548 1079 2609 lares
1120 2562 1341 2610 omues
1379 2544 1529 2609 dicti
1558 2542 1816 2607 Ordinis
1859 2546 1922 2607 in
1965 2546 2266 2626 praefatis
2305 2546 2532 2608 insulis
2569 2554 2634 2607 et
2669 2545 2772 2607 lo-

908 2641 998 2704 cis
1053 2637 1355 2717 degentes
1406 2639 1826 2702 iurisdictioni
1875 2636 2170 2720 Magistri
2209 2636 2544 2704 Generalis
2583 2636 2778 2702 Ordi-

906 2735 1004 2798 nis
1047 2729 1113 2794 S.
1150 2731 1463 2792 Dominici
1504 2728 1754 2793 Rornae
1795 2732 2070 2796 sedentis
2111 2735 2296 2796 iuxta
2335 2733 2620 2796 eiusdem
2643 2731 2778 2796 Or-

908 2827 1073 2889 dinis
1110 2826 1284 2905 leges
1324 2833 1395 2888 et
1432 2827 1914 2888 constitutiones
1953 2827 2404 2903 restituuntur,
2431 2836 2502 2891 et
2525 2828 2774 2906 praeci·

910 2923 1091 3003 pitur
1130 2927 1203 2982 nt
1242 2918 1447 2985 eidem
1490 2929 1762 2999 pareant
1797 2929 1864 2983 et
1901 2919 2234 2994 obediant,
2273 2923 2368 2983 uti
2413 2931 2562 2984 ante
2601 2919 2774 2987 Con-

903 3014 1303 3079 stitutionem
1350 3029 1391 3074 a
1442 3009 1559 3084 Pio
1613 3010 1741 3075 PP.
1795 3010 1922 3074 vn
1979 3013 2186 3076 idibus
2236 3015 2389 3076 maii
2431 3009 2588 3080 1ffl4
2633 3014 2772 3078 edi—

903 3116 1033 3172 tan·
1080 3149 1097 3168 .
1264 3147 1283 3166 .
1448 3149 1469 3166 .
1630 3149 1647 3166 .
1813 3149 1832 3166 .
2001 3147 2018 3168 .
2185 3150 2202 3167 .
2367 3147 2386 3167 .
2550 3151 2570 3168 .
2735 3126 2772 3168 a
2853 3105 2938 3174 55

826 3291 1177 3362 Decretum
1204 3291 1664 3358 consistet-isle
1687 3323 1772 3342 ·--
1804 3290 2158 3374 capitutum
2195 3303 2255 3357 et
2298 3291 2608 3358 canonici
2645 3294 2772 3364 Ce-

900 3387 1203 3454 theatralis
1236 3387 1547 3452 Ecclesia
1590 3385 1954 3455 Bau-omia
1991 3420 2072 3438 -·
2109 3389 2212 3455 die
2249 3387 2337 3454 22
2370 3391 2538 3452 iulii.
2563 3387 2774 3454 Baro-

899 3483 1119 3547 lensis.
1164 3477 1387 3547 Eidem
1414 3479 1720 3561 capitulo
1746 3485 2158 3548 remittuntur
2183 3484 2536 3547 soi-tiones
2561 3485 2642 3546 ab
2683 3501 2770 3546 eo

901 3577 1153 3640 debitae
1194 3576 1281 3637 ob
1317 3575 1567 3639 fructus
1606 3587 1892 3654 quatuor
1937 3579 2440 3644 canonicatuum
2501 3598 2776 3662 suspen-

900 3687 1142 3736 sorum
1190 3667 1371 3749 ipsae
1410 3671 1477 3732 in
1517 3679 1848 3750 posterum
1889 3673 2294 3736 differuntur.
2339 3672 2613 3736 Additur
2653 3675 2776 3737 de·

902 3765 1173 3829 clai-atio
1194 3779 1391 3842 super
1414 3781 1541 3825 usn
1564 3761 2032 3830 Pontificalium
2059 3765 2349 3830 inuissis
2371 3767 2766 3832 solemnibus

901 3878 1120 3924 coram
1146 3859 1447 3940 Capituio
1488 3861 1666 3925 illius
1709 3859 2110 3926 cathedralis
2135 3859 2464 3929 Ecclesiae
2545 3909 2562 3926 .
2729 3883 2766 3922 a
2847 3862 2936 3934 59

823 4046 1041 4114 Simile
1060 4079 1141 4096 ·-
1162 4045 1343 4114 Nova
1366 4045 1701 4113 constituta
1727 4047 2087 4114 cathedrali
2101 4047 2382 4114 Ecclesia
2399 4049 2764 4115 laciensi—

900 4144 1001 4206 die
1040 4141 1125 4208 29..
1162 4143 1325 4206 iulii.
1368 4141 1666 4206 laciensis
1693 4147 1760 4206 in
1787 4143 2026 4207 Sicilia.
2073 4143 2398 4208 subiectio
2435 4147 2764 4210 immedia-

899 4241 965 4300 ta
1014 4237 1195 4302 illius
1244 4233 1645 4300 cathedralis
1687 4235 2014 4304 Ecclesiae
2067 4235 2136 4302 S.
2174 4239 2588 4320 Apostolieae
2627 4239 2764 4304 Ro-

898 4347 1123 4398 manae
1166 4327 1309 4394 Sedi
1434 4375 1451 4394 .
1614 4377 1631 4396 .
1801 4377 1818 4394 .
1987 4376 2003 4394 .
2171 4377 2186 4394 .
2353 4377 2370 4396 .
2535 4379 2552 4398 .
2721 4357 2757 4398 a
2831 4333 2918 4410 64
