3292 5275
268 619 477 692 titulo
530 619 821 712 singuiis
874 613 1245 694 canonicis
1297 615 1666 692 Pontificio
1742 620 2172 712 benignitate
2249 623 2387 692 tri·-

268 739 443 812 huto
466 785 489 823 ‚
547 741 833 814 minime
889 740 1141 813 deduci
1196 759 1405 831 posse
1458 739 1828 832 privilegia
1877 761 2161 832 quoque
2217 743 2388 832 ipsis

266 860 535 934 indulta
620 859 833 934 inisse
885 861 1283 932 corumdem
1339 855 1995 932 protonotariorum
2053 864 2332 955 propria
2363 875 2400 944 ,'

268 980 389 1052 scd
442 981 644 1052 iuxta
699 984 1011 1072 reguiam
1048 1003 1089 1052 a
1132 999 1329 1052 sacra
1364 975 1665 1052 Rituum
1701 975 2260 1072 Congregatione
2315 981 2386 1052 in

266 1103 569 1193 generati
616 1097 923 1174 'Decreto
976 1101 1115 1174 diei
1160 1091 1294 1171 27.
1356 1096 1611 1191 Aprilis
1655 1090 1885 1170 1818.
1928 1103 2260 1174 traditam
2317 1113 2390 1176 et

268 1242 305 1290 a
340 1215 463 1292 Sa.
502 1239 715 1293 mem.
756 1218 885 1294 Pio
920 1218 1071 1292 vn.
1110 1218 1351 1292 §dibus
1398 1216 1814 1291 ¹Decembris
1867 1222 2182 1294 eiusdem
2221 1225 2387 1296 anni

266 1343 345 1415 in
392 1336 921 1416 ‘Constitutione
994 1369 1030 1416 α
1094 1339 1279 1416 Cum
1330 1341 1690 1416 irmumeri
1749 1363 1784 1408 n
1847 1341 2333 1416 confirmatam
2365 1392 2388 1429 ,

264 1466 717 1538 meminerint
781 1488 814 1535 κ
859 1461 1081 1557 Leges
1162 1477 1237 1536 et
1318 1465 1760 1537 conditiones
1825 1465 1899 1535 in
1963 1460 2389 1555 Apostolicis

275 1609 311 1656 »
375 1583 673 1660 Induitis
708 1585 1132 1679 praefinitas,
1170 1597 1499 1660 accurate
1536 1586 2054 1678 diligenterque
2101 1604 2394 1657 servan-

276 1730 313 1776 »
366 1708 531 1791 dim,
580 1725 809 1800 neque
862 1709 991 1778 ulli
1046 1705 1149 1778 ias
1204 1727 1357 1778 esse
1412 1705 1896 1778 concessionis
1947 1703 2206 1776 limites
2261 1726 2390 1797 pro

274 1849 313 1896 »
375 1847 505 1902 suo
560 1827 857 1900 arbitrio
910 1825 1447 1918 praetergredi,
1500 1824 1617 1898 vel
1673 1827 1750 1897 in
1803 1820 2125 1896 Romana
2175 1817 2390 1899 Curia

274 1970 313 2018 ι
376 1947 445 2018 id
498 1965 723 2038 genus
780 1945 1081 2037 Insignis
1138 1947 1449 2033 deferre,
1504 1948 1622 2020 vel
1679 1945 1814 2016 s'ibi
1869 1943 2266 2037 singulatim
2319 1955 2393 2017 et

272 2090 311 2138 n
366 2079 577 2140 atra
608 2064 908 2158 Collegii
940 2065 1347 2142 functiones
1378 2067 1706 2138 attributa
1743 2065 2180 2152 existimare,
2208 2085 2390 2158 quae

274 2211 311 2260 n
368 2190 651 2282 corpori
705 2188 1193 2262 tantummodo
1248 2199 1411 2260 sunt
1464 2186 1743 2260 collata.
1805 2207 1841 2253 n

480 2301 731 2382 xxlv.
788 2305 1185 2395 Caeterum,
1240 2308 1605 2402 praedicta
1657 2303 2126 2398 congregatio
2183 2305 2394 2399 parti-

266 2429 549 2515 culatis,
604 2431 735 2502 hoc
770 2427 1067 2504 Decreto
1122 2431 1298 2503 nihil
1354 2431 1752 2502 detractum
1789 2429 2018 2500 voluit
2074 2428 2158 2500 de
2213 2426 2392 2503 iuri-

264 2551 429 2637 bus,
482 2553 875 2647 privilegiis
914 2559 987 2624 et
1022 2549 1587 2644 exemptionibus
1624 2547 1934 2641 collegio
1970 2543 2394 2624 Protonota·

266 2676 533 2747 riorum
584 2670 1173 2766 Participantium
1228 2674 1429 2747 iuxta
1472 2669 2028 2745 Constitutiones
2085 2668 2396 2763 Aposto-

262 2796 471 2879 licas,
528 2814 609 2867 ac
664 2796 1080 2888 praesertim
1132 2794 1320 2866 iuxta
1374 2788 1682 2869 Litteras
1735 2792 1815 2864 in
1870 2793 2092 2864 forma
2139 2787 2392 2866 Brevis

274 2938 313 2986 α
382 2910 719 3003 Quamvis
783 2912 1191 3011 peculiares
1239 2910 1612 3013 facultates
1671 2936 1707 2983 a
1771 2912 1886 2984 die
1941 2904 2018 2985 9.
2075 2908 2394 2987 Februa-

266 3035 355 3107 rii
415 3027 645 3109 1853.
702 3036 903 3109 datas
956 3035 1449 3130 quoquomodo
1504 3033 2010 3128 spectantibus.

479 3150 623 3229 Nos
696 3157 919 3248 igitur
998 3154 1117 3250 qui
1196 3164 1475 3227 certum
1554 3156 1879 3226 ordinem
1929 3156 2007 3225 in
2071 3150 2396 3226 omnibus

270 3277 547 3351 servari
626 3278 919 3349 sinceris
1002 3275 1476 3349 desideramus
1556 3274 1924 3347 affectibus
2010 3270 2394 3367 praemissa

268 3398 505 3471 omnia
570 3408 645 3469 et
709 3398 981 3488 singula
1036 3418 1079 3469 a
1134 3398 1455 3490 praefata
1505 3392 2058 3488 Congregatione
2123 3394 2397 3486 digesta

268 3528 485 3612 atque
542 3527 832 3603 statuta,
888 3516 1297 3612 Apostolica
1349 3516 1835 3603 Auctor-itate,
1892 3527 2138 3590 tenore
2194 3536 2400 3610 prae-

268 3640 604 3723 sentium,
660 3641 1153 3714 confirmamus
1210 3650 1281 3712 et
1335 3640 1828 3730 approbamuS‚
1883 3658 2102 3730 eaque
2161 3636 2387 3710 veln'ti

266 3754 463 3835 Motu
499 3763 813 3855 proprio,
848 3772 1037 3833 certa
1084 3760 1403 3843 scientia,
1446 3780 1529 3836 ac
1578 3760 1664 3833 de
1703 3755 2150 3851 Apostolicae
2187 3752 2394 3829 Pote-

266 3882 473 3961 statis
504 3880 943 3973 plenitudine
980 3884 1503 3966 constituimus,
1536 3881 1939 3953 ordinamus
1978 3890 2192 3972 atque
2231 3898 2398 3949 san-

262 4004 511 4086 cimus,
548 4004 1003 4077 decernentes
1058 4015 1467 4096 praesentes
1524 3996 1855 4087 Litteras,
1894 3998 2110 4071 etiam
2148 4018 2244 4069 ex
2299 4018 2385 4069 eo

264 4124 459 4216 quod
512 4124 585 4195 in
642 4124 1039 4215 praemissis
1093 4136 1167 4195 et
1220 4126 1406 4196 circa
1462 4122 1852 4215 praemissa
1933 4120 2038 4191 ius
2104 4118 2220 4191 vel
2277 4116 2400 4189 in-

268 4256 533 4318 teresse
586 4244 927 4317 habentes
984 4262 1111 4317 seu
1167 4244 1425 4315 habere
1480 4242 2008 4337 quomodolibet
2064 4250 2396 4332 praeten-

264 4367 541 4453 dentes,
596 4366 837 4443 vocati
892 4374 965 4437 et
1019 4364 1247 4438 auditi
1302 4384 1437 4437 non
1492 4362 1762 4437 fuerint
1792 4410 1818 4446 ,
1874 4383 2006 4435 nec
2061 4360 2164 4435 eis
2221 4380 2391 4434 con-
