3292 5275
2306 466 2428 549 67·

403 598 910 701 Suspensiones
962 598 1150 675 tatae
1186 597 1591 677 Sementiae
1627 598 1916 677 Summo
1966 602 2301 703 Pontifici

1141 737 1564 799 reservatae.

1337 960 1406 1039 1.

511 1203 1057 1300 suspensionem
1113 1210 1266 1302 ipso
1339 1212 1520 1282 facto
1583 1210 1965 1283 incurrunt
2021 1232 2064 1283 a
2122 1231 2413 1285 suorum

296 1320 806 1401 Beneficiorum
863 1332 1312 1422 perceptione
1365 1332 1452 1401 ad
1507 1329 2017 1423 beneplacitum
2074 1325 2148 1402 S.
2206 1326 2412 1403 Sedis

295 1444 628 1539 Capitula
684 1458 757 1519 et
807 1445 1218 1523 Conventus
1273 1444 1753 1523 Ecclesiamm
1816 1462 1890 1523 et
1944 1445 2415 1524 Monasterio·

295 1590 484 1651 rum,
515 1570 766 1662 aliique
821 1590 1080 1654 omneS‚
1138 1572 1260 1663 qui
1317 1568 1407 1641 ad
1460 1569 1735 1643 illarum
1786 1590 1909 1643 seu
1964 1572 2243 1643 illorum
2298 1591 2415 1643 re-

299 1690 528 1779 gimen
565 1700 638 1763 et
677 1688 1338 1762 administrationem
1376 1690 1735 1783 recipiunt
1772 1686 2155 1783 Episcopos
2210 1690 2414 1765 alios-

297 1829 385 1882 ve
441 1804 800 1882 Praelatos
857 1810 944 1881 de
1027 1808 1407 1903 praedietis
1461 1805 1801 1883 Ecclesiis
1866 1832 1991 1884 seu
2054 1806 2415 1884 Monaste-

297 1929 420 1999 riis
475 1928 656 2022 apud
713 1928 1024 2002 eamdem
1069 1925 1145 2002 S.
1188 1926 1442 2003 Sedem
1496 1930 1743 2024 quovis
1794 1930 2001 2004 modo
2054 1932 2404 2023 provisoS,

295 2060 677 2143 antequam
703 2050 840 2143 ipsi
869 2049 1314 2125 exhibuerint
1349 2047 1659 2123 Litteras
1698 2051 2113 2143 apostolicas
2153 2049 2238 2123 de
2276 2060 2415 2125 sua⁸

295 2171 770 2263 promotione.

1326 2310 1400 2389 2.

508 2532 1047 2627 suspensionem
1125 2556 1248 2627 pcr
1304 2534 1687 2607 triennium
1743 2553 1784 2604 a
1841 2532 2211 2605 collatione
2270 2526 2413 2607 Or·-

289 2660 535 2732 dinum
571 2661 728 2750 ipso
755 2657 908 2730 iure
945 2657 1318 2728 incurrunt
1355 2655 1661 2748 aliquem
1688 2649 2123 2726 Ordinantes·
2138 2654 2405 2748 absque

291 2780 496 2854 titulo
551 2776 870 2852 beneficii
901 2827 922 2863 ‚
977 2777 1090 2848 vel
1145 2774 1550 2867 patrimonii
1604 2793 1763 2849 eum
1822 2785 2029 2866 pacto
2082 2786 2161 2846 ut
2216 2774 2409 2848 ordi-

287 2914 502 2977 natus
559 2921 698 2972 non
755 2909 946 2989 petat
1003 2897 1094 2968 ab
1149 2897 1320 2989 ipsis
1377 2897 1736 2969 alimenta.

1323 3127 1395 3210 3.

499 3381 1052 3477 suspensionem
1106 3399 1233 3474 per
1287 3397 1550 3453 annum
1606 3377 1697 3452 ab
1739 3378 2059 3451 ordinum
2115 3375 2407 3450 admini-

283 3509 636 3580 stratione
715 3505 862 3598 ipso
946 3501 1101 3577 iure
1184 3503 1558 3573 incurrunt
1610 3494 2023 3571 Ordinantes
2098 3499 2405 3570 alienum

279 3629 645 3702 subditum
697 3624 909 3700 etiam
963 3624 1094 3697 sub
1149 3633 1526 3715 praetextu
1563 3619 1893 3694 beneficii
1950 3621 2193 3692 statim
2248 3637 2412 3690 oon·

279 3747 584 3833 ferendi,
611 3757 736 3822 aut
758 3747 896 3818 iam
922 3743 1186 3826 collati,
1217 3744 1338 3816 sed
1365 3743 1650 3814 minime
1680 3741 2116 3827 sufficienti8‚
2140 3738 2405 3832 absque

283 3873 444 3944 eius
497 3865 834 3962 Episcopi
873 3865 1126 3939 litteris
1163 3861 1766 3947 dimissorialibus‚
1804 3861 1919 3935 vel
1966 3861 2185 3934 etiam
2240 3857 2408 3932 sub-

285 3992 518 4066 ditum
571 3989 928 4084 proprium
959 4036 980 4073 ‚
1034 3986 1159 4080 qui
1216 3982 1383 4057 alibi
1449 3993 1651 4060 tanto
1736 3994 2047 4076 tempore
2102 3989 2409 4053 moratus

283 4113 408 4196 sit,
447 4122 527 4185 ut
560 4111 974 4184 canonicum
1029 4106 1607 4200 impedimentum
1662 4101 2073 4177 contrahere
2128 4099 2223 4174 ibi
2284 4121 2409 4193 po·

283 4233 530 4320 tuerit,
585 4231 852 4328 absque
887 4224 1240 4306 Ordinarii
1277 4229 1434 4303 eius
1471 4227 1606 4303 loci
1663 4225 1921 4298 litteris
1980 4220 2406 4296 testimonia·

283 4351 502 4430 libus.

1762 4489 1765 4494 .
1780 4469 1875 4556 5„
