3292 5275
2256 493 2416 586 25¹1

673 747 1223 844 LITTERAE
1285 667 2051 843 APOSTOLIGAE

1011 1624 1256 1721 PIVS
1321 1624 1490 1718 PP.
1563 1621 1715 1719 IX.

863 2007 944 2058 AB
999 2005 1295 2058 FVTVRA!
1351 2005 1456 2056 RB!
1511 2005 1864 2056 antonin.

317 2351 582 2556 Quae
637 2440 710 2512 in
769 2461 916 2514 rem
973 2439 1392 2513 catholicam
1445 2439 1756 2532 apprime
1811 2461 1962 2514 esse
2022 2441 2425 2528 videantur,

307 2581 396 2632 ea
449 2573 718 2634 mature
773 2561 1186 2654 interposita
1240 2556 1647 2654 Apostolica
1700 2556 1961 2636 Nostra
2009 2565 2430 2645 auctoritate

307 2682 762 2755 decernimus.
821 2677 1142 2756 Relatum
1198 2693 1304 2755 est
1357 2677 1594 2755 Nobis·
1629 2684 1703 2755 in
1768 2679 2143 2758 Provincia
2182 2680 2436 2757 Hiber-

309 2806 514 2877 nensi
569 2800 954 2877 Strictim-is
1011 2798 1526 2877 observantiae
1583 2800 1661 2875 S.
1721 2800 2090 2877 Francisci
2148 2826 2189 2879 a
2247 2782 2434 2877 tem-

310 2946 481 3017 pore
557 2926 1069 3017 persecutionis
1145 2924 1733 2997 consuetudinem
1800 2926 2041 3015 vigere
2074 2972 2095 3009 ‚
2152 2946 2243 2997 ex
2293 2946 2437 3017 qua

307 3040 690 3118 Guardiani
745 3048 1068 3119 titulares
1122 3041 1653 3131 Conventuum,
1694 3045 1817 3137 qni
1877 3046 2225 3135 suppressi
2282 3045 2437 3119 fue-

311 3176 496 3249 rant,
553 3167 901 3256 eliguntur
955 3186 1106 3236 cum
1168 3165 1319 3237 iure
1386 3165 1850 3236 concurrendi
1910 3154 1993 3235 a'd
2060 3164 2437 3237 electiones

307 3280 780 3378 Capitulares,
837 3287 1127 3381 perinde
1183 3280 1828 3375 acsi-Guardiani
1906 3286 2211 3358 actuales
2286 3285 2439 3356 cxi·-

313 3417 528 3479 stant.
585 3402 1000 3479 Huiusmodi
1058 3408 1327 3499 praxim
1375 3401 1701 3477 Urbanus
1741 3402 1901 3475 Vlll
1939 3403 2440 3479 Praedecessor

301 3522 563 3600 Noster
599 3528 1004 3600 recolendae
1053 3527 1448 3607 memoriae,
1488 3522 1921 3618 Apostolicis
1960 3527 2103 3599 suis
2143 3523 2433 3601 Litteris

311 3648 394 3719 in
449 3647 664 3719 forma
721 3644 974 3721 Brevis
1013 3648 1126 3719 die
1185 3642 1442 3717 xxvn
1501 3649 1765 3719 mensis
1821 3643 2223 3720 Decembris
2280 3646 2441 3717 anni

309 3781 680 3858 reparatae
735 3768 978 3840 salutis
1038 3763 1427 3839 MDCXLll
1473 3770 1655 3839 datis
1712 3768 2067 3860 probavit.
2106 3764 2198 3839 At
2252 3770 2445 3840 enim

309 3910 480 3962 eum
533 3910 740 3975 nunc,
771 3890 1045 3961 mutata
1095 3900 1489 3980 temporum
1532 3890 1959 3972 conditione,
2000 3911 2249 3962 causae
2287 3910 2445 3961 ces-

311 4012 680 4097 saverint‚
735 4032 909 4103 quae
967 4010 1231 4082 dictum
1286 4005 1911 4082 Praedecessorem
1970 4004 2300 4082 Nostrum
2358 4010 2443 4082 ad

311 4131 389 4202 id
427 4130 821 4202 faciendum
859 4130 1637 4223 adduxerunt,cumque
1683 4131 1767 4200 ad
1806 4128 2251 4223 disciplinam
2289 4132 2449 4205 lau-

313 4250 526 4323 datae
553 4248 962 4324 Provinciae
993 4245 1448 4321 Hibernensis
1481 4252 1670 4324 haud
1704 4238 1954 4343 parum
1984 4250 2296 4324 conferre
2328 4254 2448 4323 vi·-

315 4392 476 4445 sum
521 4373 766 4458 fuerit,
823 4374 883 4448 si
919 4372 1034 4447 ius
1086 4392 1462 4447 commune
1509 4374 1700 4467 quod
1762 4374 1852 4446 ad
1888 4370 2447 4448 Guardianorum
