3292 5275
306 711 461 762 mus
484 671 798 764 Pontifex
836 693 1262 765 auctoritate
1320 713 1447 764 sua
1486 695 1769 766 omnino
1809 696 2138 788 suspendi
2195 697 2423 784 iussit,
2478 795 2486 802 .

305 811 709 904 eisdemque
741 807 1031 884 Litteris
1100 835 1303 886 omne
1360 813 1427 883 in
1481 812 1547 884 id
1608 813 1850 899 robur,
1921 827 1993 887 et
2057 815 2423 890 efficaciam

305 932 527 1002 ademi
568 933 879 1005 decrevit
916 935 1005 1006 ad
1044 929 1293 1020 Suum,
1335 947 1408 1006 et
1444 930 1519 1006 S.
1564 931 2018 1026 Apostolicae
2056 933 2262 1010 Sedis
2301 940 2425 1011 be-

306 1051 754 1144 neplacitum.
2319 1049 2330 1062 ‘

1327 1167 1393 1242 ΙΙ

516 1391 818 1508 Ideoque
875 1434 1288 1488 consensum
1343 1435 1946 1512 quorumcumque
2007 1417 2080 1489 in
2132 1417 2203 1489 id
2243 1415 2424 1491 inte-

304 1554 499 1608 resse
550 1533 961 1608 habentium
1015 1537 1130 1606 vel
1188 1535 1447 1606 habere
1502 1537 2151 1633 quomodocumque
2217 1559 2424 1630 prae-

304 1657 733 1730 sumentium
796 1657 1089 1728 omnino-
1145 1656 1235 1728 de
1286 1651 1467 1730 Suae
1524 1650 1969 1750 Apostolicae
2050 1659 2420 1750 potestatis

302 1775 742 1870 plenitudine
799 1773 1135 1852 Summus
1189 1773 1506 1852 Pontifex
1559 1779 1867 1872 suppleri
1923 1779 2205 1866 voluit,
2264 1801 2420 1851 cum

302 1898 619 1970 omnibus
672 1900 975 1980 caeteris
1015 1898 1588 1988 derogationibus
1628 1909 1700 1969 et
1751 1899 2310 1992 exemptionibus
2349 1902 2418 1972 in

299 2019 371 2090 id
423 2021 841 2092 necessariis
896 2031 966 2092 et
1024 2021 1443 2112 opportunis
1480 2067 1501 2104 ,
1562 2041 1743 2114 quae
1809 2021 2018 2092 etiam
2084 2019 2419 2111 singulari

298 2141 675 2238 mentione,
719 2140 805 2212 de
874 2141 1022 2211 iure
1082 2161 1357 2234 quoque
1396 2141 1717 2234 quaesito
1756 2161 1894 2212 non
1935 2141 2265 2228 tollendo,
2297 2163 2424 2212 ne-

300 2262 641 2334 cessariae
695 2259 1011 2335 fuissent.
2446 2248 2452 2256 ’

1306 2431 1407 2506 111

512 2633 961 2731 Quapropter
1016 2637 1105 2708 ad
1168 2634 1565 2710 huiusmodi
1622 2629 2052 2711 Litterarum
2110 2630 2419 2730 Aposto-

295 2760 597 2836 licarum
651 2760 1189 2851 suspensionem
1244 2768 1457 2853 atque
1523 2769 2046 2853 temporaneam
2108 2757 2420 2833 ineffica-

297 2883 483 2953 ciam
510 2879 775 2953 favore
830 2874 1169 2972 Apuanae
1226 2874 1579 2951 Dioecesis
1635 2878 2148 2973 exequendam,
2206 2880 2419 2953 firmi-

296 3014 548 3095 terque
604 3002 677 3073 in
734 3003 917 3075 actis
969 3000 1493 3087 declarandam,
1550 3001 1836 3093 dignata
1875 3008 2010 3087 ,est
2068 2994 2418 3074 Sanctitas

296 3118 442 3195 Sua
496 3124 811 3213 eligere,
870 3131 1077 3213 atque
1158 3119 1499 3212 deputare
1572 3116 1662 3191 R.
1705 3114 1788 3189 P.
1831 3113 1918 3192 D.
1979 3104 2432 3193 Dominicum'

294 3237 477 3313 Villa
530 3242 949 3315 hodiernum
986 3236 1281 3313 Parmae
1312 3236 1772 3333 Episcopum,
1807 3236 1924 3313 cui
1979 3226 2138 3313 ideo
2170 3262 2416 3313 omnes

296 3364 371 3435 in
426 3362 499 3433 id
551 3362 845 3435 contulit
894 3362 1265 3434 facultates
1321 3358 1748 3433 necessarias
1803 3370 1874 3433 ct
1931 3370 2364 3453 opportunas
2392 3410 2413 3447 ,

294 3482 505 3555 etiam
543 3484 829 3554 alteram
869 3482 1373 3574 subdelegandi
1412 3502 1775 3573 personam
1811 3480 1884 3553 in
1937 3483 2418 3555 ecclesiastica

293 3604 635 3695 dignitate
693 3613 925 3676 tamen
978 3602 1459 3675 constitutam.

1223 3812 1398 3915 '1v

504 4078 929 4175 Delegatum
1006 4093 1242 4155 autem
1315 4076 1802 4176 Apostolicum
1877 4055 2107 4153 teneri
2185 4078 2416 4153 voluit

292 4205 483 4277 idem
520 4198 841 4277 Summus
880 4199 1221 4287 Pontifex,
1255 4203 1355 4277 uti
1396 4206 1582 4275 infra
1621 4213 1766 4275 tres
1804 4224 2075 4275 menses
2115 4202 2204 4275 ab
2249 4221 2415 4273 exe-

290 4304 633 4418 quutione
685 4324 897 4396 huius
934 4316 1449 4398 Consistorialis
1488 4320 1799 4409 Decreti,
1841 4306 2254 4417 expletaque
2293 4325 2415 4396 de-

291 4445 705 4531 claratione,
765 4446 849 4517 de
908 4466 1048 4539 qua
1105 4440 1191 4515 R.
1223 4441 1303 4515 P.
1336 4440 1420 4518 D.
1478 4439 1869 4539 Episcopus
1925 4440 2402 4518 Massanensis
