<?xml version="1.0" encoding="UTF-8"?>
<!DOCTYPE html PUBLIC "-//W3C//DTD XHTML 1.0 Transitional//EN"
    "http://www.w3.org/TR/xhtml1/DTD/xhtml1-transitional.dtd">
<html xmlns="http://www.w3.org/1999/xhtml" xml:lang="en" lang="en">
 <head>
  <title>
</title>
<meta http-equiv="Content-Type" content="text/html;charset=utf-8" />
  <meta name='ocr-system' content='tesseract 3.04.00' />
  <meta name='ocr-capabilities' content='ocr_page ocr_carea ocr_par ocr_line ocrx_word'/>
</head>
<body>
  <div class='ocr_page' id='page_1' title='image "./piiixpontificis01ixgoog_0561.png"; bbox 0 0 3292 5275; ppageno 0'>
   <div class='ocr_carea' id='block_1_1' title="bbox 2243 477 2393 561">
    <p class='ocr_par' dir='ltr' id='par_1_1' title="bbox 2243 477 2393 561">
     <span class='ocr_line' id='line_1_1' title="bbox 2243 477 2393 561; baseline 0.013 -2"><span class='ocrx_word' id='word_1_1' title='bbox 2243 477 2393 561; x_wconf 79' lang='lat'><strong>167</strong></span> 
     </span>
    </p>
   </div>
   <div class='ocr_carea' id='block_1_2' title="bbox 284 616 2445 4341">
    <p class='ocr_par' dir='ltr' id='par_1_2' title="bbox 284 616 2445 4341">
     <span class='ocr_line' id='line_1_2' title="bbox 284 616 2395 716; baseline -0.002 -17"><span class='ocrx_word' id='word_1_2' title='bbox 284 622 793 716; x_wconf 79' lang='lat' dir='ltr'><strong>Indulgentiam</strong></span> <span class='ocrx_word' id='word_1_3' title='bbox 857 626 1060 697; x_wconf 86' lang='lat' dir='ltr'><strong>enixe</strong></span> <span class='ocrx_word' id='word_1_4' title='bbox 1130 622 1574 714; x_wconf 78' lang='lat' dir='ltr'><strong>implorabat.</strong></span> <span class='ocrx_word' id='word_1_5' title='bbox 1636 616 1779 694; x_wconf 88' lang='lat' dir='ltr'><strong>Nos</strong></span> <span class='ocrx_word' id='word_1_6' title='bbox 1814 633 1927 695; x_wconf 72' lang='grc' dir='ltr'><strong>,ιιι</strong></span> <span class='ocrx_word' id='word_1_7' title='bbox 1979 622 2111 713; x_wconf 87' lang='lat' dir='ltr'><strong>piis</strong></span> <span class='ocrx_word' id='word_1_8' title='bbox 2176 624 2395 695; x_wconf 88' lang='lat' dir='ltr'><strong>etiam</strong></span> 
     </span>
     <span class='ocr_line' id='line_1_3' title="bbox 287 736 2395 841; baseline -0.003 -22"><span class='ocrx_word' id='word_1_9' title='bbox 287 745 942 841; x_wconf 80' lang='lat' dir='ltr'><strong>supplicationibus,</strong></span> <span class='ocrx_word' id='word_1_10' title='bbox 995 765 1168 837; x_wconf 86' lang='lat' dir='ltr'><strong>quas</strong></span> <span class='ocrx_word' id='word_1_11' title='bbox 1206 738 1646 816; x_wconf 78' lang='lat' dir='ltr'><strong>Venerabilis</strong></span> <span class='ocrx_word' id='word_1_12' title='bbox 1698 738 1952 815; x_wconf 88' lang='lat' dir='ltr'><strong>Frater</strong></span> <span class='ocrx_word' id='word_1_13' title='bbox 2006 736 2395 835; x_wconf 80' lang='lat' dir='ltr'><strong>Episcopus</strong></span> 
     </span>
     <span class='ocr_line' id='line_1_4' title="bbox 287 860 2400 957; baseline -0.002 -18"><span class='ocrx_word' id='word_1_14' title='bbox 287 862 814 942; x_wconf 86' lang='lat' dir='ltr'><strong>Ratisboncnsis</strong></span> <span class='ocrx_word' id='word_1_15' title='bbox 867 860 1086 938; x_wconf 89' lang='lat' dir='ltr'><strong>Nobis</strong></span> <span class='ocrx_word' id='word_1_16' title='bbox 1153 863 1510 957; x_wconf 84' lang='lat' dir='ltr'><strong>porrexit,</strong></span> <span class='ocrx_word' id='word_1_17' title='bbox 1571 863 1927 937; x_wconf 79' lang='lat' dir='ltr'><strong>faveamus</strong></span> <span class='ocrx_word' id='word_1_18' title='bbox 1964 910 1985 947; x_wconf 92' lang='lat'>‚</span> <span class='ocrx_word' id='word_1_19' title='bbox 2045 880 2400 935; x_wconf 87' lang='lat' dir='ltr'><strong>memora·-</strong></span> 
     </span>
     <span class='ocr_line' id='line_1_5' title="bbox 291 981 2418 1079; baseline 0 -24"><span class='ocrx_word' id='word_1_20' title='bbox 291 996 440 1059; x_wconf 86' lang='lat' dir='ltr'><strong>tum</strong></span> <span class='ocrx_word' id='word_1_21' title='bbox 505 982 952 1079; x_wconf 78' lang='lat' dir='ltr'><strong>Rescriptum</strong></span> <span class='ocrx_word' id='word_1_22' title='bbox 1005 985 1286 1059; x_wconf 90' lang='lat' dir='ltr'><strong>omnino</strong></span> <span class='ocrx_word' id='word_1_23' title='bbox 1339 984 1865 1069; x_wconf 73' lang='lat' dir='ltr'><strong>confirmamuS,</strong></span> <span class='ocrx_word' id='word_1_24' title='bbox 1912 1006 2027 1068; x_wconf 86' lang='lat' dir='ltr'><strong>ae,</strong></span> <span class='ocrx_word' id='word_1_25' title='bbox 2086 996 2165 1055; x_wconf 89' lang='lat' dir='ltr'><strong>ut</strong></span> <span class='ocrx_word' id='word_1_26' title='bbox 2218 981 2418 1055; x_wconf 80' lang='lat' dir='ltr'><strong>infra.</strong></span> 
     </span>
     <span class='ocr_line' id='line_1_6' title="bbox 289 1100 2405 1199; baseline -0.002 -20"><span class='ocrx_word' id='word_1_27' title='bbox 289 1109 658 1199; x_wconf 72' lang='lat' dir='ltr'><strong>indulgere</strong></span> <span class='ocrx_word' id='word_1_28' title='bbox 705 1109 1104 1181; x_wconf 77' lang='lat' dir='ltr'><strong>statuimus·</strong></span> <span class='ocrx_word' id='word_1_29' title='bbox 1144 1102 1388 1198; x_wconf 68' lang='lat' dir='ltr'><strong>ltaque</strong></span> <span class='ocrx_word' id='word_1_30' title='bbox 1423 1105 1512 1182; x_wconf 88' lang='lat' dir='ltr'><strong>de</strong></span> <span class='ocrx_word' id='word_1_31' title='bbox 1550 1103 2067 1199; x_wconf 78' lang='lat' dir='ltr'><strong>omnipotentis</strong></span> <span class='ocrx_word' id='word_1_32' title='bbox 2106 1100 2237 1177; x_wconf 89' lang='lat' dir='ltr'><strong>Dei</strong></span> <span class='ocrx_word' id='word_1_33' title='bbox 2272 1104 2405 1175; x_wconf 89' lang='lat' dir='ltr'><strong>mi·-</strong></span> 
     </span>
     <span class='ocr_line' id='line_1_7' title="bbox 294 1221 2403 1319; baseline -0.002 -18"><span class='ocrx_word' id='word_1_34' title='bbox 294 1229 699 1314; x_wconf 89' lang='lat' dir='ltr'><strong>sericordia‚</strong></span> <span class='ocrx_word' id='word_1_35' title='bbox 762 1250 848 1301; x_wconf 93' lang='lat' dir='ltr'><strong>ac</strong></span> <span class='ocrx_word' id='word_1_36' title='bbox 885 1222 1032 1298; x_wconf 91' lang='grc' dir='ltr'><strong>ΒΒ.</strong></span> <span class='ocrx_word' id='word_1_37' title='bbox 1073 1222 1294 1311; x_wconf 85' lang='lat' dir='ltr'><strong>Petri,</strong></span> <span class='ocrx_word' id='word_1_38' title='bbox 1351 1237 1423 1297; x_wconf 89' lang='lat' dir='ltr'><strong>et</strong></span> <span class='ocrx_word' id='word_1_39' title='bbox 1460 1223 1661 1298; x_wconf 90' lang='lat' dir='ltr'><strong>Pauli</strong></span> <span class='ocrx_word' id='word_1_40' title='bbox 1706 1221 2195 1319; x_wconf 84' lang='lat' dir='ltr'><strong>Apostolorum</strong></span> <span class='ocrx_word' id='word_1_41' title='bbox 2248 1226 2403 1298; x_wconf 88' lang='lat' dir='ltr'><strong>eius</strong></span> 
     </span>
     <span class='ocr_line' id='line_1_8' title="bbox 295 1348 2405 1441; baseline -0.003 -18"><span class='ocrx_word' id='word_1_42' title='bbox 295 1351 716 1439; x_wconf 68' lang='lat' dir='ltr'><strong>auctoritate</strong></span> <span class='ocrx_word' id='word_1_43' title='bbox 773 1348 1056 1435; x_wconf 76' lang='lat' dir='ltr'><strong>contisi,</strong></span> <span class='ocrx_word' id='word_1_44' title='bbox 1119 1348 1482 1433; x_wconf 77' lang='lat' dir='ltr'><strong>omnibu3‚</strong></span> <span class='ocrx_word' id='word_1_45' title='bbox 1539 1358 1612 1419; x_wconf 89' lang='lat' dir='ltr'><strong>et</strong></span> <span class='ocrx_word' id='word_1_46' title='bbox 1669 1348 1965 1441; x_wconf 79' lang='lat' dir='ltr'><strong>singulis</strong></span> <span class='ocrx_word' id='word_1_47' title='bbox 2037 1348 2405 1439; x_wconf 89' lang='lat' dir='ltr'><strong>utriusque</strong></span> 
     </span>
     <span class='ocr_line' id='line_1_9' title="bbox 295 1464 2409 1562; baseline -0.001 -22"><span class='ocrx_word' id='word_1_48' title='bbox 295 1490 496 1541; x_wconf 82' lang='lat' dir='ltr'><strong>sexus</strong></span> <span class='ocrx_word' id='word_1_49' title='bbox 560 1467 1190 1555; x_wconf 82' lang='lat' dir='ltr'><strong>christifidelibus,</strong></span> <span class='ocrx_word' id='word_1_50' title='bbox 1245 1467 1363 1562; x_wconf 90' lang='lat' dir='ltr'><strong>qui</strong></span> <span class='ocrx_word' id='word_1_51' title='bbox 1448 1488 1755 1560; x_wconf 88' lang='lat' dir='ltr'><strong>parvum</strong></span> <span class='ocrx_word' id='word_1_52' title='bbox 1837 1464 2219 1561; x_wconf 86' lang='lat' dir='ltr'><strong>Scapulare</strong></span> <span class='ocrx_word' id='word_1_53' title='bbox 2296 1470 2409 1539; x_wconf 90' lang='lat' dir='ltr'><strong>la-</strong></span> 
     </span>
     <span class='ocr_line' id='line_1_10' title="bbox 295 1584 2415 1680; baseline 0 -19"><span class='ocrx_word' id='word_1_54' title='bbox 295 1611 506 1663; x_wconf 91' lang='lat' dir='ltr'><strong>neum</strong></span> <span class='ocrx_word' id='word_1_55' title='bbox 560 1591 702 1662; x_wconf 86' lang='lat' dir='ltr'><strong>albi</strong></span> <span class='ocrx_word' id='word_1_56' title='bbox 758 1590 1010 1663; x_wconf 88' lang='lat' dir='ltr'><strong>coloris</strong></span> <span class='ocrx_word' id='word_1_57' title='bbox 1063 1588 1434 1680; x_wconf 79' lang='lat' dir='ltr'><strong>imaginem</strong></span> <span class='ocrx_word' id='word_1_58' title='bbox 1489 1584 1562 1661; x_wconf 88' lang='lat' dir='ltr'><strong>S.</strong></span> <span class='ocrx_word' id='word_1_59' title='bbox 1623 1584 1873 1661; x_wconf 82' lang='lat' dir='ltr'><strong>Cordis</strong></span> <span class='ocrx_word' id='word_1_60' title='bbox 1928 1584 2087 1663; x_wconf 84' lang='lat' dir='ltr'><strong>lesu</strong></span> <span class='ocrx_word' id='word_1_61' title='bbox 2142 1590 2218 1661; x_wconf 86' lang='lat' dir='ltr'><strong>in</strong></span> <span class='ocrx_word' id='word_1_62' title='bbox 2270 1608 2415 1661; x_wconf 76' lang='lat' dir='ltr'><strong>ine-¹</strong></span> 
     </span>
     <span class='ocr_line' id='line_1_11' title="bbox 294 1710 2411 1801; baseline 0.001 -20"><span class='ocrx_word' id='word_1_63' title='bbox 294 1710 411 1782; x_wconf 89' lang='lat' dir='ltr'><strong>dio</strong></span> <span class='ocrx_word' id='word_1_64' title='bbox 477 1713 782 1783; x_wconf 86' lang='lat' dir='ltr'><strong>referens</strong></span> <span class='ocrx_word' id='word_1_65' title='bbox 857 1712 1332 1801; x_wconf 76' lang='lat' dir='ltr'><strong>gestaverint,</strong></span> <span class='ocrx_word' id='word_1_66' title='bbox 1392 1722 1462 1781; x_wconf 88' lang='lat' dir='ltr'><strong>et</strong></span> <span class='ocrx_word' id='word_1_67' title='bbox 1535 1712 1747 1783; x_wconf 88' lang='lat' dir='ltr'><strong>corde</strong></span> <span class='ocrx_word' id='word_1_68' title='bbox 1812 1713 2055 1783; x_wconf 90' lang='lat' dir='ltr'><strong>saltem</strong></span> <span class='ocrx_word' id='word_1_69' title='bbox 2122 1712 2411 1784; x_wconf 83' lang='lat' dir='ltr'><strong>contriti</strong></span> 
     </span>
     <span class='ocr_line' id='line_1_12' title="bbox 298 1828 2413 1924; baseline -0 -19"><span class='ocrx_word' id='word_1_70' title='bbox 298 1828 702 1905; x_wconf 80' lang='lat' dir='ltr'><strong>Orationem</strong></span> <span class='ocrx_word' id='word_1_71' title='bbox 756 1828 1223 1917; x_wconf 89' lang='lat' dir='ltr'><strong>Dominicam,</strong></span> <span class='ocrx_word' id='word_1_72' title='bbox 1281 1828 1801 1905; x_wconf 85' lang='lat' dir='ltr'><strong>Salutationem</strong></span> <span class='ocrx_word' id='word_1_73' title='bbox 1850 1828 2284 1924; x_wconf 81' lang='lat' dir='ltr'><strong>Angelicam,</strong></span> <span class='ocrx_word' id='word_1_74' title='bbox 2340 1842 2413 1904; x_wconf 82' lang='lat' dir='ltr'><strong>et</strong></span> 
     </span>
     <span class='ocr_line' id='line_1_13' title="bbox 299 1948 2417 2047; baseline 0 -22"><span class='ocrx_word' id='word_1_75' title='bbox 299 1948 544 2025; x_wconf 88' lang='lat' dir='ltr'><strong>Gloria</strong></span> <span class='ocrx_word' id='word_1_76' title='bbox 585 1949 776 2025; x_wconf 86' lang='lat' dir='ltr'><strong>Patri</strong></span> <span class='ocrx_word' id='word_1_77' title='bbox 817 1965 952 2025; x_wconf 87' lang='lat' dir='ltr'><strong>etc.</strong></span> <span class='ocrx_word' id='word_1_78' title='bbox 992 1954 1304 2047; x_wconf 86' lang='lat' dir='ltr'><strong>quolibet</strong></span> <span class='ocrx_word' id='word_1_79' title='bbox 1341 1954 1507 2025; x_wconf 87' lang='lat' dir='ltr'><strong>anni</strong></span> <span class='ocrx_word' id='word_1_80' title='bbox 1547 1952 1659 2024; x_wconf 91' lang='lat' dir='ltr'><strong>die</strong></span> <span class='ocrx_word' id='word_1_81' title='bbox 1720 1953 2203 2035; x_wconf 83' lang='lat' dir='ltr'><strong>recitaverint,</strong></span> <span class='ocrx_word' id='word_1_82' title='bbox 2246 1974 2417 2026; x_wconf 88' lang='lat' dir='ltr'><strong>cen-</strong></span> 
     </span>
     <span class='ocr_line' id='line_1_14' title="bbox 309 2072 2415 2147; baseline 0.001 -4"><span class='ocrx_word' id='word_1_83' title='bbox 309 2084 460 2145; x_wconf 88' lang='lat' dir='ltr'><strong>tum</strong></span> <span class='ocrx_word' id='word_1_84' title='bbox 521 2073 887 2146; x_wconf 82' lang='lat' dir='ltr'><strong>dumtaxat</strong></span> <span class='ocrx_word' id='word_1_85' title='bbox 941 2073 1088 2145; x_wconf 88' lang='lat' dir='ltr'><strong>dies</strong></span> <span class='ocrx_word' id='word_1_86' title='bbox 1156 2077 1372 2146; x_wconf 89' lang='lat' dir='ltr'><strong>semel</strong></span> <span class='ocrx_word' id='word_1_87' title='bbox 1433 2074 1510 2145; x_wconf 89' lang='lat' dir='ltr'><strong>in</strong></span> <span class='ocrx_word' id='word_1_88' title='bbox 1561 2072 1673 2145; x_wconf 89' lang='lat' dir='ltr'><strong>die</strong></span> <span class='ocrx_word' id='word_1_89' title='bbox 1737 2074 2273 2147; x_wconf 87' lang='lat' dir='ltr'><strong>lucrifaciendos</strong></span> <span class='ocrx_word' id='word_1_90' title='bbox 2328 2072 2415 2145; x_wconf 90' lang='lat' dir='ltr'><strong>de</strong></span> 
     </span>
     <span class='ocr_line' id='line_1_15' title="bbox 305 2193 2418 2289; baseline 0.002 -26"><span class='ocrx_word' id='word_1_91' title='bbox 305 2193 638 2265; x_wconf 87' lang='lat' dir='ltr'><strong>iniunctis</strong></span> <span class='ocrx_word' id='word_1_92' title='bbox 707 2196 861 2279; x_wconf 82' lang='lat' dir='ltr'><strong>eiS,</strong></span> <span class='ocrx_word' id='word_1_93' title='bbox 917 2216 1040 2268; x_wconf 85' lang='lat' dir='ltr'><strong>seu</strong></span> <span class='ocrx_word' id='word_1_94' title='bbox 1118 2196 1290 2267; x_wconf 88' lang='lat' dir='ltr'><strong>alias</strong></span> <span class='ocrx_word' id='word_1_95' title='bbox 1367 2195 1883 2289; x_wconf 89' lang='lat' dir='ltr'><strong>quomodolibet</strong></span> <span class='ocrx_word' id='word_1_96' title='bbox 1936 2193 2186 2267; x_wconf 86' lang='lat' dir='ltr'><strong>debitis</strong></span> <span class='ocrx_word' id='word_1_97' title='bbox 2243 2216 2418 2287; x_wconf 88' lang='lat' dir='ltr'><strong>poe-</strong></span> 
     </span>
     <span class='ocr_line' id='line_1_16' title="bbox 305 2312 2415 2389; baseline 0.001 -4"><span class='ocrx_word' id='word_1_98' title='bbox 305 2314 625 2386; x_wconf 86' lang='lat' dir='ltr'><strong>nitentiis</strong></span> <span class='ocrx_word' id='word_1_99' title='bbox 707 2314 777 2385; x_wconf 92' lang='lat' dir='ltr'><strong>in</strong></span> <span class='ocrx_word' id='word_1_100' title='bbox 863 2318 1086 2389; x_wconf 89' lang='lat' dir='ltr'><strong>forma</strong></span> <span class='ocrx_word' id='word_1_101' title='bbox 1151 2312 1508 2389; x_wconf 86' lang='lat' dir='ltr'><strong>Ecclesiae</strong></span> <span class='ocrx_word' id='word_1_102' title='bbox 1583 2328 1915 2387; x_wconf 89' lang='lat' dir='ltr'><strong>consueta</strong></span> <span class='ocrx_word' id='word_1_103' title='bbox 1991 2318 2415 2389; x_wconf 84' lang='lat' dir='ltr'><strong>relaxamus.</strong></span> 
     </span>
     <span class='ocr_line' id='line_1_17' title="bbox 305 2430 2419 2527; baseline 0.002 -21"><span class='ocrx_word' id='word_1_104' title='bbox 305 2430 504 2521; x_wconf 89' lang='lat' dir='ltr'><strong>Quas</strong></span> <span class='ocrx_word' id='word_1_105' title='bbox 573 2437 1166 2527; x_wconf 87' lang='lat' dir='ltr'><strong>poenitentiarum</strong></span> <span class='ocrx_word' id='word_1_106' title='bbox 1222 2438 1699 2508; x_wconf 86' lang='lat' dir='ltr'><strong>relaxationes</strong></span> <span class='ocrx_word' id='word_1_107' title='bbox 1762 2438 1973 2507; x_wconf 88' lang='lat' dir='ltr'><strong>etiam</strong></span> <span class='ocrx_word' id='word_1_108' title='bbox 2034 2435 2419 2511; x_wconf 86' lang='lat' dir='ltr'><strong>Animabus</strong></span> 
     </span>
     <span class='ocr_line' id='line_1_18' title="bbox 307 2550 2421 2653; baseline 0.002 -28"><span class='ocrx_word' id='word_1_109' title='bbox 307 2550 930 2641; x_wconf 86' lang='lat' dir='ltr'><strong>Christifidelium‚</strong></span> <span class='ocrx_word' id='word_1_110' title='bbox 990 2579 1174 2653; x_wconf 89' lang='lat' dir='ltr'><strong>quae</strong></span> <span class='ocrx_word' id='word_1_111' title='bbox 1239 2552 1388 2628; x_wconf 92' lang='lat' dir='ltr'><strong>Deo</strong></span> <span class='ocrx_word' id='word_1_112' title='bbox 1453 2558 1527 2629; x_wconf 90' lang='lat' dir='ltr'><strong>in</strong></span> <span class='ocrx_word' id='word_1_113' title='bbox 1601 2555 1939 2629; x_wconf 84' lang='lat' dir='ltr'><strong>charitate</strong></span> <span class='ocrx_word' id='word_1_114' title='bbox 2006 2559 2421 2630; x_wconf 89' lang='lat' dir='ltr'><strong>coniunctae</strong></span> 
     </span>
     <span class='ocr_line' id='line_1_19' title="bbox 311 2677 2424 2773; baseline 0.001 -23"><span class='ocrx_word' id='word_1_115' title='bbox 311 2679 400 2750; x_wconf 91' lang='lat' dir='ltr'><strong>ab</strong></span> <span class='ocrx_word' id='word_1_116' title='bbox 453 2678 584 2749; x_wconf 89' lang='lat' dir='ltr'><strong>hac</strong></span> <span class='ocrx_word' id='word_1_117' title='bbox 640 2680 796 2751; x_wconf 91' lang='lat' dir='ltr'><strong>luce</strong></span> <span class='ocrx_word' id='word_1_118' title='bbox 853 2680 1339 2773; x_wconf 80' lang='lat' dir='ltr'><strong>migraverint,</strong></span> <span class='ocrx_word' id='word_1_119' title='bbox 1398 2700 1527 2772; x_wconf 84' lang='lat' dir='ltr'><strong>per</strong></span> <span class='ocrx_word' id='word_1_120' title='bbox 1582 2681 1866 2752; x_wconf 89' lang='lat' dir='ltr'><strong>modum</strong></span> <span class='ocrx_word' id='word_1_121' title='bbox 1924 2677 2233 2773; x_wconf 79' lang='lat' dir='ltr'><strong>suffragii</strong></span> <span class='ocrx_word' id='word_1_122' title='bbox 2290 2702 2424 2773; x_wconf 88' lang='lat' dir='ltr'><strong>ap-</strong></span> 
     </span>
     <span class='ocr_line' id='line_1_20' title="bbox 309 2796 2427 2892; baseline 0.001 -23"><span class='ocrx_word' id='word_1_123' title='bbox 309 2799 556 2892; x_wconf 83' lang='lat' dir='ltr'><strong>plicari</strong></span> <span class='ocrx_word' id='word_1_124' title='bbox 632 2819 834 2891; x_wconf 91' lang='lat' dir='ltr'><strong>posse</strong></span> <span class='ocrx_word' id='word_1_125' title='bbox 921 2801 1378 2891; x_wconf 82' lang='lat' dir='ltr'><strong>impertimus.</strong></span> <span class='ocrx_word' id='word_1_126' title='bbox 1443 2796 1522 2872; x_wconf 89' lang='lat' dir='ltr'><strong>ln</strong></span> <span class='ocrx_word' id='word_1_127' title='bbox 1607 2801 2031 2873; x_wconf 87' lang='lat' dir='ltr'><strong>contrarium</strong></span> <span class='ocrx_word' id='word_1_128' title='bbox 2112 2799 2427 2872; x_wconf 80' lang='lat' dir='ltr'><strong>facienti-</strong></span> 
     </span>
     <span class='ocr_line' id='line_1_21' title="bbox 315 2916 2425 3013; baseline 0 -23"><span class='ocrx_word' id='word_1_129' title='bbox 315 2920 450 2992; x_wconf 92' lang='lat' dir='ltr'><strong>bus</strong></span> <span class='ocrx_word' id='word_1_130' title='bbox 537 2941 680 2992; x_wconf 91' lang='lat' dir='ltr'><strong>non</strong></span> <span class='ocrx_word' id='word_1_131' title='bbox 763 2919 1196 2993; x_wconf 86' lang='lat' dir='ltr'><strong>obstantibus</strong></span> <span class='ocrx_word' id='word_1_132' title='bbox 1280 2921 1855 3013; x_wconf 87' lang='lat' dir='ltr'><strong>quibuscumque.</strong></span> <span class='ocrx_word' id='word_1_133' title='bbox 1928 2916 2425 2993; x_wconf 88' lang='lat' dir='ltr'><strong>Praesentibus</strong></span> 
     </span>
     <span class='ocr_line' id='line_1_22' title="bbox 313 3035 2432 3136; baseline 0.001 -25"><span class='ocrx_word' id='word_1_134' title='bbox 313 3042 676 3132; x_wconf 89' lang='lat' dir='ltr'><strong>perpetuis</strong></span> <span class='ocrx_word' id='word_1_135' title='bbox 736 3043 984 3112; x_wconf 84' lang='lat' dir='ltr'><strong>futuris</strong></span> <span class='ocrx_word' id='word_1_136' title='bbox 1040 3042 1472 3136; x_wconf 90' lang='lat' dir='ltr'><strong>temporibus</strong></span> <span class='ocrx_word' id='word_1_137' title='bbox 1528 3042 1873 3112; x_wconf 87' lang='lat' dir='ltr'><strong>valituris.</strong></span> <span class='ocrx_word' id='word_1_138' title='bbox 1913 3035 2249 3115; x_wconf 83' lang='lat' dir='ltr'><strong>Volumus</strong></span> <span class='ocrx_word' id='word_1_139' title='bbox 2307 3063 2432 3114; x_wconf 91' lang='lat' dir='ltr'><strong>au-</strong></span> 
     </span>
     <span class='ocr_line' id='line_1_23' title="bbox 313 3157 2433 3253; baseline 0.003 -23"><span class='ocrx_word' id='word_1_140' title='bbox 313 3169 452 3231; x_wconf 87' lang='lat' dir='ltr'><strong>tem</strong></span> <span class='ocrx_word' id='word_1_141' title='bbox 523 3173 602 3232; x_wconf 90' lang='lat' dir='ltr'><strong>ut</strong></span> <span class='ocrx_word' id='word_1_142' title='bbox 690 3162 1160 3253; x_wconf 89' lang='lat' dir='ltr'><strong>praesentium</strong></span> <span class='ocrx_word' id='word_1_143' title='bbox 1240 3157 1665 3233; x_wconf 89' lang='lat' dir='ltr'><strong>Litterarum</strong></span> <span class='ocrx_word' id='word_1_144' title='bbox 1748 3163 2237 3253; x_wconf 75' lang='lat' dir='ltr'><strong>transtimptiS‚</strong></span> <span class='ocrx_word' id='word_1_145' title='bbox 2306 3184 2433 3236; x_wconf 89' lang='lat' dir='ltr'><strong>seu</strong></span> 
     </span>
     <span class='ocr_line' id='line_1_24' title="bbox 315 3276 2433 3376; baseline 0.001 -24"><span class='ocrx_word' id='word_1_146' title='bbox 315 3279 656 3375; x_wconf 85' lang='lat' dir='ltr'><strong>exemplis</strong></span> <span class='ocrx_word' id='word_1_147' title='bbox 735 3282 952 3354; x_wconf 90' lang='lat' dir='ltr'><strong>etiam</strong></span> <span class='ocrx_word' id='word_1_148' title='bbox 1035 3283 1428 3376; x_wconf 81' lang='lat' dir='ltr'><strong>impressiS‚</strong></span> <span class='ocrx_word' id='word_1_149' title='bbox 1495 3301 1707 3352; x_wconf 87' lang='lat' dir='ltr'><strong>manu</strong></span> <span class='ocrx_word' id='word_1_150' title='bbox 1790 3281 2081 3353; x_wconf 78' lang='lat' dir='ltr'><strong>alicuius</strong></span> <span class='ocrx_word' id='word_1_151' title='bbox 2164 3276 2433 3354; x_wconf 85' lang='lat' dir='ltr'><strong>Notarii</strong></span> 
     </span>
     <span class='ocr_line' id='line_1_25' title="bbox 315 3401 2437 3497; baseline 0 -23"><span class='ocrx_word' id='word_1_152' title='bbox 315 3402 574 3493; x_wconf 87' lang='lat' dir='ltr'><strong>publici</strong></span> <span class='ocrx_word' id='word_1_153' title='bbox 643 3401 1076 3497; x_wconf 83' lang='lat' dir='ltr'><strong>subscriptis,</strong></span> <span class='ocrx_word' id='word_1_154' title='bbox 1135 3415 1208 3475; x_wconf 93' lang='lat' dir='ltr'><strong>et</strong></span> <span class='ocrx_word' id='word_1_155' title='bbox 1264 3403 1489 3494; x_wconf 80' lang='lat' dir='ltr'><strong>sigillo</strong></span> <span class='ocrx_word' id='word_1_156' title='bbox 1547 3423 1885 3493; x_wconf 81' lang='lat' dir='ltr'><strong>personae</strong></span> <span class='ocrx_word' id='word_1_157' title='bbox 1954 3403 2024 3473; x_wconf 88' lang='lat' dir='ltr'><strong>in</strong></span> <span class='ocrx_word' id='word_1_158' title='bbox 2100 3402 2437 3475; x_wconf 87' lang='lat' dir='ltr'><strong>ecclesia-</strong></span> 
     </span>
     <span class='ocr_line' id='line_1_26' title="bbox 317 3522 2435 3617; baseline 0.001 -24"><span class='ocrx_word' id='word_1_159' title='bbox 317 3522 494 3594; x_wconf 88' lang='lat' dir='ltr'><strong>stica</strong></span> <span class='ocrx_word' id='word_1_160' title='bbox 551 3523 892 3614; x_wconf 80' lang='lat' dir='ltr'><strong>dignitate</strong></span> <span class='ocrx_word' id='word_1_161' title='bbox 969 3525 1390 3597; x_wconf 87' lang='lat' dir='ltr'><strong>constitutae</strong></span> <span class='ocrx_word' id='word_1_162' title='bbox 1463 3523 1747 3595; x_wconf 89' lang='lat' dir='ltr'><strong>munitis</strong></span> <span class='ocrx_word' id='word_1_163' title='bbox 1822 3524 2066 3595; x_wconf 90' lang='lat' dir='ltr'><strong>eadem</strong></span> <span class='ocrx_word' id='word_1_164' title='bbox 2152 3545 2435 3617; x_wconf 88' lang='lat' dir='ltr'><strong>prorsus</strong></span> 
     </span>
     <span class='ocr_line' id='line_1_27' title="bbox 315 3642 2437 3738; baseline 0 -24"><span class='ocrx_word' id='word_1_165' title='bbox 315 3643 488 3716; x_wconf 86' lang='lat' dir='ltr'><strong>fides</strong></span> <span class='ocrx_word' id='word_1_166' title='bbox 544 3643 983 3729; x_wconf 88' lang='lat' dir='ltr'><strong>adhibeatur,</strong></span> <span class='ocrx_word' id='word_1_167' title='bbox 1041 3667 1222 3738; x_wconf 91' lang='lat' dir='ltr'><strong>quae</strong></span> <span class='ocrx_word' id='word_1_168' title='bbox 1277 3642 1442 3736; x_wconf 90' lang='lat' dir='ltr'><strong>ipsis</strong></span> <span class='ocrx_word' id='word_1_169' title='bbox 1500 3646 1981 3736; x_wconf 79' lang='lat' dir='ltr'><strong>praesentibus</strong></span> <span class='ocrx_word' id='word_1_170' title='bbox 2066 3645 2437 3717; x_wconf 88' lang='lat' dir='ltr'><strong>adhibere·-</strong></span> 
     </span>
     <span class='ocr_line' id='line_1_28' title="bbox 321 3763 2440 3856; baseline 0 -20"><span class='ocrx_word' id='word_1_171' title='bbox 321 3776 438 3837; x_wconf 85' lang='lat' dir='ltr'><strong>tur</strong></span> <span class='ocrx_word' id='word_1_172' title='bbox 470 3814 491 3851; x_wconf 92' lang='lat'><strong>,</strong></span> <span class='ocrx_word' id='word_1_173' title='bbox 549 3763 604 3834; x_wconf 90' lang='lat' dir='ltr'><strong>si</strong></span> <span class='ocrx_word' id='word_1_174' title='bbox 678 3767 907 3837; x_wconf 85' lang='lat' dir='ltr'><strong>forent</strong></span> <span class='ocrx_word' id='word_1_175' title='bbox 989 3765 1343 3837; x_wconf 82' lang='lat' dir='ltr'><strong>exhibitae</strong></span> <span class='ocrx_word' id='word_1_176' title='bbox 1376 3813 1397 3848; x_wconf 90' lang='lat'>‚</span> <span class='ocrx_word' id='word_1_177' title='bbox 1479 3767 1595 3837; x_wconf 89' lang='lat' dir='ltr'><strong>vel</strong></span> <span class='ocrx_word' id='word_1_178' title='bbox 1686 3777 2063 3838; x_wconf 87' lang='lat' dir='ltr'><strong>ostensae:</strong></span> <span class='ocrx_word' id='word_1_179' title='bbox 2150 3768 2440 3856; x_wconf 85' lang='lat' dir='ltr'><strong>insuper</strong></span> 
     </span>
     <span class='ocr_line' id='line_1_29' title="bbox 329 3880 2441 3984; baseline 0 -29"><span class='ocrx_word' id='word_1_180' title='bbox 329 3885 806 3980; x_wconf 85' lang='lat' dir='ltr'><strong>praecipimus</strong></span> <span class='ocrx_word' id='word_1_181' title='bbox 839 3933 860 3971; x_wconf 92' lang='lat'><strong>,</strong></span> <span class='ocrx_word' id='word_1_182' title='bbox 919 3897 1002 3959; x_wconf 87' lang='lat' dir='ltr'><strong>ut</strong></span> <span class='ocrx_word' id='word_1_183' title='bbox 1068 3887 1475 3958; x_wconf 89' lang='lat' dir='ltr'><strong>earumdem</strong></span> <span class='ocrx_word' id='word_1_184' title='bbox 1540 3880 1967 3958; x_wconf 87' lang='lat' dir='ltr'><strong>Litterarum</strong></span> <span class='ocrx_word' id='word_1_185' title='bbox 2040 3881 2251 3984; x_wconf 92' lang='lat' dir='ltr'><strong>(quod</strong></span> <span class='ocrx_word' id='word_1_186' title='bbox 2308 3884 2441 3958; x_wconf 91' lang='lat' dir='ltr'><strong>nisi</strong></span> 
     </span>
     <span class='ocr_line' id='line_1_30' title="bbox 321 4003 2441 4105; baseline 0 -27"><span class='ocrx_word' id='word_1_187' title='bbox 321 4007 494 4090; x_wconf 87' lang='lat' dir='ltr'><strong>fiat,</strong></span> <span class='ocrx_word' id='word_1_188' title='bbox 551 4007 780 4078; x_wconf 87' lang='lat' dir='ltr'><strong>nullas</strong></span> <span class='ocrx_word' id='word_1_189' title='bbox 837 4027 954 4079; x_wconf 88' lang='lat' dir='ltr'><strong>eas</strong></span> <span class='ocrx_word' id='word_1_190' title='bbox 1011 4003 1367 4105; x_wconf 77' lang='lat' dir='ltr'><strong>volumus)</strong></span> <span class='ocrx_word' id='word_1_191' title='bbox 1425 4009 1787 4097; x_wconf 86' lang='lat' dir='ltr'><strong>exemplar</strong></span> <span class='ocrx_word' id='word_1_192' title='bbox 1842 4008 1929 4078; x_wconf 89' lang='lat' dir='ltr'><strong>ad</strong></span> <span class='ocrx_word' id='word_1_193' title='bbox 1986 4003 2441 4079; x_wconf 87' lang='lat' dir='ltr'><strong>Secretariam</strong></span> 
     </span>
     <span class='ocr_line' id='line_1_31' title="bbox 321 4123 2444 4222; baseline -0.001 -22"><span class='ocrx_word' id='word_1_194' title='bbox 321 4123 898 4219; x_wconf 81' lang='lat' dir='ltr'><strong>Congregationis</strong></span> <span class='ocrx_word' id='word_1_195' title='bbox 965 4123 1604 4219; x_wconf 82' lang='lat' dir='ltr'><strong>Indulgentiarum,</strong></span> <span class='ocrx_word' id='word_1_196' title='bbox 1662 4124 2037 4222; x_wconf 89' lang='lat' dir='ltr'><strong>Sacrisque</strong></span> <span class='ocrx_word' id='word_1_197' title='bbox 2103 4124 2444 4221; x_wconf 87' lang='lat' dir='ltr'><strong>Reliquiis</strong></span> 
     </span>
     <span class='ocr_line' id='line_1_32' title="bbox 324 4243 2445 4341; baseline 0 -23"><span class='ocrx_word' id='word_1_198' title='bbox 324 4247 770 4341; x_wconf 86' lang='lat' dir='ltr'><strong>praepositae</strong></span> <span class='ocrx_word' id='word_1_199' title='bbox 859 4247 1211 4321; x_wconf 86' lang='lat' dir='ltr'><strong>deseratur</strong></span> <span class='ocrx_word' id='word_1_200' title='bbox 1283 4251 1484 4320; x_wconf 87' lang='lat' dir='ltr'><strong>iuxta</strong></span> <span class='ocrx_word' id='word_1_201' title='bbox 1566 4243 1951 4320; x_wconf 88' lang='lat' dir='ltr'><strong>Decretum</strong></span> <span class='ocrx_word' id='word_1_202' title='bbox 2034 4250 2125 4320; x_wconf 89' lang='lat' dir='ltr'><strong>ab</strong></span> <span class='ocrx_word' id='word_1_203' title='bbox 2203 4249 2445 4320; x_wconf 88' lang='lat' dir='ltr'><strong>eadem</strong></span> 
     </span>
    </p>
   </div>
   <div class='ocr_carea' id='block_1_3' title="bbox 331 4363 2444 4462">
    <p class='ocr_par' dir='ltr' id='par_1_3' title="bbox 331 4363 2444 4462">
     <span class='ocr_line' id='line_1_33' title="bbox 331 4363 2444 4462; baseline -0 -19"><span class='ocrx_word' id='word_1_204' title='bbox 331 4363 410 4443; x_wconf 91' lang='lat' dir='ltr'><strong>S.</strong></span> <span class='ocrx_word' id='word_1_205' title='bbox 453 4365 1020 4462; x_wconf 77' lang='lat' dir='ltr'><strong>Congregatione</strong></span> <span class='ocrx_word' id='word_1_206' title='bbox 1087 4370 1218 4441; x_wconf 90' lang='lat' dir='ltr'><strong>sub</strong></span> <span class='ocrx_word' id='word_1_207' title='bbox 1278 4369 1391 4444; x_wconf 86' lang='lat' dir='ltr'><strong>die</strong></span> <span class='ocrx_word' id='word_1_208' title='bbox 1429 4363 1613 4442; x_wconf 83' lang='lat' dir='ltr'>XIX.</span> <span class='ocrx_word' id='word_1_209' title='bbox 1664 4367 1977 4444; x_wconf 77' lang='lat' dir='ltr'><strong>ianuarii</strong></span> <span class='ocrx_word' id='word_1_210' title='bbox 2012 4363 2444 4446; x_wconf 87' lang='lat' dir='ltr'>MDCCLVI.</span> 
     </span>
    </p>
   </div>
  </div>
 </body>
</html>
