3292 5275
810 454 971 538 384

812 587 1103 669 Epistola
1150 590 1228 654 ad
1272 587 1666 674 Prosperum
1723 589 2109 674 Gueranger
2165 610 2202 656 e
2257 588 2770 674 congregatione

886 681 1245 752 Cassinensi
1292 683 1608 750 Abbatem
1649 682 2120 750 solesmensem
2159 717 2188 731 ·
2226 684 2578 751 Dolendum
2621 705 2775 768 pro-

881 780 1033 858 fecto
1072 786 1159 842 est
1184 810 1215 824 -
1240 778 1343 841 die
1372 773 1454 844 12
1492 780 1731 842 martii.
1777 775 2096 842 Insaniam
2143 779 2444 862 queritur
2491 779 2770 844 nonnul-

884 870 1099 932 lorum
1128 914 1145 948 ,
1196 871 1309 952 qui
1359 869 1682 935 catholico
1727 872 1984 936 nomine
2041 872 2230 935 abusi
2289 871 2476 937 vietis
2523 872 2774 954 sophis—

882 965 1161 1028 matibus
1210 964 1654 1045 imperitorum
1705 965 1943 1048 vulgus
1991 965 2301 1030 adversus
2349 963 2766 1030 Oecumenici

883 1053 1155 1121 Concilii
1198 1058 1692 1122 constitutiones
1740 1058 2006 1123 incitent
2049 1066 2381 1139 tamquam
2407 1059 2676 1123 fallaces
2705 1065 2774 1124 et

885 1149 1179 1215 humanis
1206 1151 1454 1214 artibus
1494 1157 1810 1215 extortas.
1845 1148 2205 1223 Consilium
2229 1152 2458 1216 laudat
2483 1153 2770 1218 eiusdem

878 1243 1100 1306 dilecti
1160 1243 1322 1320 filii,
1376 1245 1490 1326 qui
1547 1244 1750 1307 doctis
1809 1245 2130 1324 evulgatis
2207 1246 2461 1327 scriptis
2529 1247 2762 1329 impios

878 1354 1107 1400 eorum
1146 1336 1331 1400 dolos
1375 1336 1771 1418 detegendos
1801 1355 1876 1400 ac
1904 1338 2295 1402 refellendos
2347 1340 2706 1422 susceperit
2736 1364 2770 1401 s
2809 1339 2929 1409 138

804 1521 1089 1588 Litterae
1154 1525 1556 1606 apostolicae
1631 1523 1760 1595 sub,
1817 1524 2084 1607 plumbo
2142 1557 2174 1571 -
2221 1525 2638 1608 Apostolicam
2695 1526 2766 1594 in

880 1616 1243 1683 universam
1281 1651 1313 1664 —
1350 1637 1518 1684 anno
1567 1616 2030 1684 lncarnationis
2081 1616 2459 1685 Dominicae
2495 1621 2765 1686 millesi-

878 1731 985 1776 mo
1036 1714 1559 1796 octingentesimo
1606 1713 2011 1795 sexagesimo
2065 1731 2234 1778 nono
2267 1758 2286 1793 ‚
2337 1719 2573 1796 quarto
2623 1715 2767 1781 idus

876 1807 1090 1871 martii
1136 1807 1157 1886 (
1189 1805 1342 1874 idest
1388 1803 1471 1872 12
1518 1807 1740 1872 martii
1790 1801 2010 1889 1870).
2064 1805 2162 1872 De
2215 1809 2540 1873 erectione
2598 1806 2753 1892 Epi-

876 1907 1180 1982 scopatus
1247 1897 1670 1965 Victoriensis
1713 1920 1832 1965 seu
1881 1900 2330 1984 Tamaulipani
2387 1903 2454 1966 in
2521 1903 2762 1968 ditione

878 1993 1246 2071 Mexicana,
1279 2012 1470 2073 quem
1522 1995 1588 2057 in
1638 1995 2120 2077 suffraganeum
2179 1995 2438 2059 subiicit
2489 1995 2762 2063 Archie-

881 2088 1229 2171 piscopalis
1280 2085 1612 2152 Ecclesiae
1662 2086 2048 2153 Mexicanae
2173 2135 2190 2150 .
2359 2135 2376 2152 .
2545 2135 2562 2152 .
2729 2114 2764 2152 »
2802 2089 2916 2162 141

796 2272 1079 2340 Litterae
1126 2274 1520 2357 apostolicae
1570 2275 1692 2340 sub
1743 2275 1985 2339 annulo
2013 2273 2361 2342 piscatoris
2417 2311 2449 2326 -
2497 2277 2608 2343 Ex
2647 2281 2753 2344 de-

872 2367 996 2432 bito
1022 2367 1245 2433 summi
1275 2369 1670 2450 Apostolatus
1698 2403 1729 2418 ·
1756 2369 1860 2433 die
1887 2367 1966 2434 18
1991 2371 2226 2434 martii.
2260 2369 2360 2434 De
2401 2373 2746 2454 partitione

874 2463 1244 2546 provinciae
1293 2463 1768 2528 ecclesiasticae
1817 2461 2253 2542 Quebecensis
2349 2511 2364 2528 .
2536 2513 2551 2528 .
2725 2489 2757 2530 a
2795 2463 2916 2536 156

794 2647 1077 2715 Litterae
1135 2652 1527 2733 apostolicae
1563 2652 1688 2717 sub
1738 2653 2006 2736 plumbo
2034 2685 2063 2700 -
2093 2650 2475 2737 Multiplices
2516 2653 2684 2720 inter
2721 2690 2751 2705 ·

870 2762 1038 2807 anno
1095 2743 1556 2811 incarnationis
1600 2744 1976 2811 Dominicae
2034 2749 2377 2813 millesimo
2425 2752 2754 2831 octingen-

872 2838 1097 2901 tesimo
1146 2841 1545 2919 sexagesimo
1600 2858 1797 2918 nouo,
1849 2840 2098 2904 decimo
2145 2839 2476 2906 Kalendas
2523 2844 2748 2925 aprilis

870 2931 890 3011 (
918 2929 1073 2995 idest
1098 2927 1181 2997 23
1222 2931 1443 2995 martii
1468 2928 1631 3001 1870
1653 2932 1698 3015 ).
1741 2931 1840 2998 De
1877 2934 2207 2998 erectione
2233 2932 2566 3001 Ecclesiae
2597 2935 2752 3019 Epi-

867 3024 1146 3106 scopalis
1182 3024 1259 3089 de
1294 3022 1499 3090 Portu
1546 3024 1786 3091 Vetere
1833 3028 1897 3091 in
1940 3028 2276 3109 republica
2315 3028 2748 3111 Aequatoria-

862 3138 969 3199 na,
996 3137 1166 3202 quae
1196 3117 1743 3205 Metropolitanae
1775 3120 1921 3187 Sedi
1947 3120 2242 3199 Quitensi
2283 3122 2678 3206 suffragetur
2701 3147 2734 3188 n
2773 3124 2896 3197 159

785 3305 1067 3374 Litterae
1126 3309 1521 3392 apostolicae
1570 3308 1691 3377 sub
1743 3310 1984 3375 annulo
2033 3308 2381 3377 Piscatoris
2419 3346 2448 3361 -
2489 3315 2748 3396 Aposto-

861 3400 973 3468 lici
1009 3400 1355 3466 ministerii
1396 3400 1563 3467 racio
1592 3438 1623 3451 -
1656 3404 1757 3468 die
1785 3400 1825 3470 5
1851 3406 2101 3488 aprilis3
2143 3407 2378 3487 quibus
2428 3405 2745 3473 Antonius

862 3496 1075 3560 Maria
1117 3492 1494 3561 Valenziani
1535 3495 1894 3581 Episcopus
1943 3497 2392 3565 Fabrianensis
2443 3511 2510 3565 et
2550 3498 2744 3568 Mati·

862 3591 1117 3655 licanus
1165 3586 1601 3656 Convisitator
1651 3592 2066 3677 Apostolicus
2104 3592 2362 3659 Ordinis
2407 3593 2746 3661 Armenio-

864 3704 1013 3751 rum
1038 3682 1511 3750 Menaenorum
1544 3684 1607 3751 S.
1638 3687 1902 3753 Antonii
1933 3688 1997 3753 in
2039 3684 2217 3754 Urbe
2268 3690 2682 3756 constituitur
2709 3714 2745 3754 a
2786 3688 2904 3759 173

781 3872 1170 3941 Constitutio
1200 3871 1576 3956 Dogmatica
1624 3876 1703 3939 de
1735 3870 1891 3940 Fide
1917 3873 2254 3943 Catholica
2282 3877 2450 3942 edita
2500 3876 2565 3942 in
2596 3874 2741 3943 Ses-

860 3970 1038 4034 sione
1089 3972 1279 4034 tertia
1318 3972 1710 4034 sacrosancti
1759 3968 2177 4035 Oecumenici
2232 3968 2501 4037 Concilii
2559 3971 2743 4038 Vati-

859 4064 1001 4129 cani
1042 4096 1073 4111 ·-
1112 4063 1235 4127 Dei
1274 4062 1486 4129 Filius
1524 4096 1548 4111 ·
1594 4064 1698 4129 die
1737 4060 1820 4131 24
1859 4065 2082 4146 aprilis
2151 4112 2166 4127 .
2335 4112 2352 4129 .
2523 4112 2538 4129 .
2705 4088 2740 4129 a
2781 4064 2900 4135 177

1019 4156 1232 4242 Caput
1273 4157 1324 4222 1.
1370 4156 1462 4223 De
1484 4158 1613 4223 Deo
1658 4179 1872 4225 rerum
1907 4159 2191 4227 omnium
2234 4174 2536 4229 creatore.
2705 4186 2740 4223 n
2780 4158 2898 4231 180

1252 4248 1337 4315 11.
1380 4249 1473 4317 De
1514 4249 1886 4319 revelatione
1962 4300 1978 4317 .
2147 4302 2162 4319 .
2330 4301 2345 4320 .
2515 4302 2530 4319 .
2700 4278 2734 4317 a
2776 4254 2892 4323 181

1214 4340 1329 4410 ΙΙΙ.
1374 4342 1467 4411 De
1510 4342 1668 4412 Fide
1777 4392 1792 4409 .
1960 4393 1977 4412 .
2146 4394 2163 4415 .
2331 4396 2346 4413 .
2514 4394 2531 4415 .
2699 4372 2734 4411 n
2773 4346 2896 4417 183

1232 4416 2162 4515 mandandum.
2327 4490 2344 4511 .
2513 4490 2532 4515 .
2701 4440 2894 4521 »186
