<?xml version="1.0" encoding="UTF-8"?>
<!DOCTYPE html PUBLIC "-//W3C//DTD XHTML 1.0 Transitional//EN"
    "http://www.w3.org/TR/xhtml1/DTD/xhtml1-transitional.dtd">
<html xmlns="http://www.w3.org/1999/xhtml" xml:lang="en" lang="en">
 <head>
  <title>
</title>
<meta http-equiv="Content-Type" content="text/html;charset=utf-8" />
  <meta name='ocr-system' content='tesseract 3.04.00' />
  <meta name='ocr-capabilities' content='ocr_page ocr_carea ocr_par ocr_line ocrx_word'/>
</head>
<body>
  <div class='ocr_page' id='page_1' title='image "./piiixpontificis01ixgoog_0801.png"; bbox 0 0 3292 5275; ppageno 0'>
   <div class='ocr_carea' id='block_1_1' title="bbox 2225 486 2366 567">
    <p class='ocr_par' dir='ltr' id='par_1_1' title="bbox 2225 486 2366 567">
     <span class='ocr_line' id='line_1_1' title="bbox 2225 486 2366 567; baseline 0 0"><span class='ocrx_word' id='word_1_1' title='bbox 2225 486 2366 567; x_wconf 65' lang='lat'><strong>401</strong></span> 
     </span>
    </p>
   </div>
   <div class='ocr_carea' id='block_1_2' title="bbox 340 620 2386 987">
    <p class='ocr_par' dir='ltr' id='par_1_2' title="bbox 340 620 2386 987">
     <span class='ocr_line' id='line_1_2' title="bbox 342 620 2226 704; baseline 0 -17"><span class='ocrx_word' id='word_1_2' title='bbox 342 628 561 687; x_wconf 86' lang='lat' dir='ltr'><strong>taneas</strong></span> <span class='ocrx_word' id='word_1_3' title='bbox 588 623 667 687; x_wconf 91' lang='lat' dir='ltr'><strong>de</strong></span> <span class='ocrx_word' id='word_1_4' title='bbox 696 624 1005 704; x_wconf 87' lang='lat' dir='ltr'><strong>regimine</strong></span> <span class='ocrx_word' id='word_1_5' title='bbox 1048 630 1113 687; x_wconf 87' lang='lat' dir='ltr'><strong>et</strong></span> <span class='ocrx_word' id='word_1_6' title='bbox 1154 622 1700 687; x_wconf 76' lang='lat' dir='ltr'><strong>administratione</strong></span> <span class='ocrx_word' id='word_1_7' title='bbox 1741 628 1880 687; x_wconf 87' lang='lat' dir='ltr'><strong>tum</strong></span> <span class='ocrx_word' id='word_1_8' title='bbox 1909 621 2010 686; x_wconf 87' lang='lat' dir='ltr'><strong>Pii</strong></span> <span class='ocrx_word' id='word_1_9' title='bbox 2035 620 2226 689; x_wconf 84' lang='lat' dir='ltr'><strong>lusti·</strong></span> 
     </span>
     <span class='ocr_line' id='line_1_3' title="bbox 340 713 2224 799; baseline 0 -20"><span class='ocrx_word' id='word_1_10' title='bbox 340 718 463 781; x_wconf 87' lang='lat' dir='ltr'><strong>tuti</strong></span> <span class='ocrx_word' id='word_1_11' title='bbox 504 736 625 781; x_wconf 86' lang='lat' dir='ltr'><strong>seu</strong></span> <span class='ocrx_word' id='word_1_12' title='bbox 662 718 893 779; x_wconf 85' lang='lat' dir='ltr'><strong>domus</strong></span> <span class='ocrx_word' id='word_1_13' title='bbox 938 718 1135 796; x_wconf 75' lang='lat' dir='ltr'><strong>vulgo</strong></span> <span class='ocrx_word' id='word_1_14' title='bbox 1172 752 1255 765; x_wconf 89' lang='lat'><em>-</em></span> <span class='ocrx_word' id='word_1_15' title='bbox 1292 716 1364 779; x_wconf 76' lang='lat' dir='ltr'><strong>di</strong></span> <span class='ocrx_word' id='word_1_16' title='bbox 1390 713 1700 779; x_wconf 74' lang='lat' dir='ltr'><strong>Ricovoro</strong></span> <span class='ocrx_word' id='word_1_17' title='bbox 1739 748 1819 761; x_wconf 94' lang='lat'><strong>—</strong></span> <span class='ocrx_word' id='word_1_18' title='bbox 1859 723 1997 781; x_wconf 88' lang='lat' dir='ltr'><strong>tum</strong></span> <span class='ocrx_word' id='word_1_19' title='bbox 2024 714 2224 799; x_wconf 72' lang='lat' dir='ltr'><strong>Gym-</strong></span> 
     </span>
     <span class='ocr_line' id='line_1_4' title="bbox 340 807 2222 891; baseline 0.001 -19"><span class='ocrx_word' id='word_1_20' title='bbox 340 812 501 873; x_wconf 87' lang='lat' dir='ltr'><strong>nasii</strong></span> <span class='ocrx_word' id='word_1_21' title='bbox 542 828 661 875; x_wconf 86' lang='lat' dir='ltr'><strong>seu</strong></span> <span class='ocrx_word' id='word_1_22' title='bbox 702 808 1078 874; x_wconf 84' lang='lat' dir='ltr'><strong>Patrimonii</strong></span> <span class='ocrx_word' id='word_1_23' title='bbox 1142 810 1533 887; x_wconf 85' lang='lat' dir='ltr'><strong>studiorum,</strong></span> <span class='ocrx_word' id='word_1_24' title='bbox 1576 826 1744 890; x_wconf 77' lang='lat' dir='ltr'><strong>quae</strong></span> <span class='ocrx_word' id='word_1_25' title='bbox 1797 807 1937 891; x_wconf 82' lang='lat' dir='ltr'><strong>lpse</strong></span> <span class='ocrx_word' id='word_1_26' title='bbox 1979 810 2046 873; x_wconf 90' lang='lat' dir='ltr'><strong>in</strong></span> <span class='ocrx_word' id='word_1_27' title='bbox 2103 828 2222 875; x_wconf 87' lang='lat' dir='ltr'><strong>sua</strong></span> 
     </span>
     <span class='ocr_line' id='line_1_5' title="bbox 342 900 2386 987; baseline 0.001 -20"><span class='ocrx_word' id='word_1_28' title='bbox 342 905 551 987; x_wconf 89' lang='lat' dir='ltr'><strong>patria</strong></span> <span class='ocrx_word' id='word_1_29' title='bbox 592 924 679 969; x_wconf 80' lang='lat' dir='ltr'><strong>ex</strong></span> <span class='ocrx_word' id='word_1_30' title='bbox 718 922 863 970; x_wconf 83' lang='lat' dir='ltr'><strong>asse</strong></span> <span class='ocrx_word' id='word_1_31' title='bbox 906 905 1276 985; x_wconf 77' lang='lat' dir='ltr'><strong>patrimonii</strong></span> <span class='ocrx_word' id='word_1_32' title='bbox 1318 905 1421 967; x_wconf 86' lang='lat' dir='ltr'><strong>sui</strong></span> <span class='ocrx_word' id='word_1_33' title='bbox 1464 904 1699 985; x_wconf 70' lang='lat' dir='ltr'><strong>privati</strong></span> <span class='ocrx_word' id='word_1_34' title='bbox 1737 902 2058 971; x_wconf 71' lang='lat' dir='ltr'><strong>fundavit.</strong></span> <span class='ocrx_word' id='word_1_35' title='bbox 2193 926 2228 965; x_wconf 66' lang='lat' dir='ltr'><strong>n</strong></span> <span class='ocrx_word' id='word_1_36' title='bbox 2267 900 2386 970; x_wconf 83' lang='grc'><strong>197</strong></span> 
     </span>
    </p>
   </div>
   <div class='ocr_carea' id='block_1_3' title="bbox 265 1088 2390 1437">
    <p class='ocr_par' dir='ltr' id='par_1_3' title="bbox 265 1088 2390 1437">
     <span class='ocr_line' id='line_1_6' title="bbox 265 1088 2228 1172; baseline 0 -17"><span class='ocrx_word' id='word_1_37' title='bbox 265 1088 559 1172; x_wconf 80' lang='lat' dir='ltr'><strong>Epistola</strong></span> <span class='ocrx_word' id='word_1_38' title='bbox 600 1091 682 1155; x_wconf 90' lang='lat' dir='ltr'><strong>ad</strong></span> <span class='ocrx_word' id='word_1_39' title='bbox 708 1090 1173 1155; x_wconf 76' lang='lat' dir='ltr'><strong>vicecomitem</strong></span> <span class='ocrx_word' id='word_1_40' title='bbox 1212 1091 1293 1155; x_wconf 85' lang='lat' dir='ltr'><strong>de</strong></span> <span class='ocrx_word' id='word_1_41' title='bbox 1318 1089 1675 1172; x_wconf 78' lang='lat' dir='ltr'><strong>Morogues</strong></span> <span class='ocrx_word' id='word_1_42' title='bbox 1715 1089 2086 1155; x_wconf 76' lang='lat' dir='ltr'><strong>Praesidem</strong></span> <span class='ocrx_word' id='word_1_43' title='bbox 2127 1096 2228 1157; x_wconf 88' lang='lat' dir='ltr'><strong>to-</strong></span> 
     </span>
     <span class='ocr_line' id='line_1_7' title="bbox 349 1178 2230 1264; baseline 0.001 -18"><span class='ocrx_word' id='word_1_44' title='bbox 349 1191 616 1264; x_wconf 88' lang='lat' dir='ltr'><strong>tumque</strong></span> <span class='ocrx_word' id='word_1_45' title='bbox 646 1182 1002 1249; x_wconf 85' lang='lat' dir='ltr'><strong>Consilium</strong></span> <span class='ocrx_word' id='word_1_46' title='bbox 1032 1178 1367 1246; x_wconf 73' lang='lat' dir='ltr'><strong>Societatis</strong></span> <span class='ocrx_word' id='word_1_47' title='bbox 1397 1180 1774 1247; x_wconf 73' lang='lat' dir='ltr'><strong>Catholicae</strong></span> <span class='ocrx_word' id='word_1_48' title='bbox 1801 1180 2230 1247; x_wconf 75' lang='lat' dir='ltr'><strong>Aurelianen-</strong></span> 
     </span>
     <span class='ocr_line' id='line_1_8' title="bbox 343 1272 2230 1357; baseline -0.001 -16"><span class='ocrx_word' id='word_1_49' title='bbox 343 1278 449 1341; x_wconf 84' lang='lat' dir='ltr'><strong>sis.</strong></span> <span class='ocrx_word' id='word_1_50' title='bbox 495 1276 879 1357; x_wconf 80' lang='lat' dir='ltr'><strong>(Aureliam)</strong></span> <span class='ocrx_word' id='word_1_51' title='bbox 901 1308 981 1321; x_wconf 91' lang='lat'><strong>—-</strong></span> <span class='ocrx_word' id='word_1_52' title='bbox 1015 1274 1395 1350; x_wconf 76' lang='lat' dir='ltr'><strong>Gaudemus,</strong></span> <span class='ocrx_word' id='word_1_53' title='bbox 1440 1273 1649 1339; x_wconf 76' lang='lat' dir='ltr'><strong>dilecti</strong></span> <span class='ocrx_word' id='word_1_54' title='bbox 1687 1274 2030 1356; x_wconf 75' lang='lat' dir='ltr'><strong>filii—die</strong></span> <span class='ocrx_word' id='word_1_55' title='bbox 2059 1272 2230 1341; x_wconf 69' lang='lat'>9111·</span> 
     </span>
     <span class='ocr_line' id='line_1_9' title="bbox 342 1364 2390 1437; baseline 0.001 -2"><span class='ocrx_word' id='word_1_56' title='bbox 342 1372 455 1435; x_wconf 88' lang='lat' dir='ltr'><strong>nii.</strong></span> <span class='ocrx_word' id='word_1_57' title='bbox 502 1368 873 1437; x_wconf 83' lang='lat' dir='ltr'><strong>Cavendum</strong></span> <span class='ocrx_word' id='word_1_58' title='bbox 919 1388 959 1433; x_wconf 86' lang='lat' dir='ltr'><strong>a</strong></span> <span class='ocrx_word' id='word_1_59' title='bbox 998 1370 1399 1434; x_wconf 83' lang='lat' dir='ltr'><strong>liberalismo</strong></span> <span class='ocrx_word' id='word_1_60' title='bbox 1442 1369 1770 1433; x_wconf 87' lang='lat' dir='ltr'><strong>catholico</strong></span> <span class='ocrx_word' id='word_1_61' title='bbox 1823 1414 1842 1432; x_wconf 90' lang='lat'><strong>.</strong></span> <span class='ocrx_word' id='word_1_62' title='bbox 2011 1415 2026 1430; x_wconf 93' lang='lat'><strong>.</strong></span> <span class='ocrx_word' id='word_1_63' title='bbox 2195 1392 2230 1431; x_wconf 66' lang='lat' dir='ltr'><strong>a</strong></span> <span class='ocrx_word' id='word_1_64' title='bbox 2267 1364 2390 1437; x_wconf 76' lang='lat'><strong>206</strong></span> 
     </span>
    </p>
   </div>
   <div class='ocr_carea' id='block_1_4' title="bbox 262 1554 2396 2108">
    <p class='ocr_par' dir='ltr' id='par_1_4' title="bbox 262 1554 2396 2108">
     <span class='ocr_line' id='line_1_10' title="bbox 262 1554 2230 1640; baseline -0.001 -17"><span class='ocrx_word' id='word_1_65' title='bbox 262 1557 545 1625; x_wconf 84' lang='lat' dir='ltr'><strong>Litterae</strong></span> <span class='ocrx_word' id='word_1_66' title='bbox 566 1558 981 1640; x_wconf 82' lang='lat' dir='ltr'><strong>Apostolicae</strong></span> <span class='ocrx_word' id='word_1_67' title='bbox 1007 1560 1129 1621; x_wconf 91' lang='lat' dir='ltr'><strong>sub</strong></span> <span class='ocrx_word' id='word_1_68' title='bbox 1156 1557 1515 1637; x_wconf 84' lang='lat' dir='ltr'><strong>plumbo—</strong></span> <span class='ocrx_word' id='word_1_69' title='bbox 1530 1554 1672 1633; x_wconf 72' lang='lat' dir='ltr'><strong>Quo</strong></span> <span class='ocrx_word' id='word_1_70' title='bbox 1695 1558 2058 1639; x_wconf 68' lang='lat' dir='ltr'><strong>pravius—</strong></span> <span class='ocrx_word' id='word_1_71' title='bbox 2079 1556 2230 1623; x_wconf 87' lang='lat' dir='ltr'><strong>Pri-</strong></span> 
     </span>
     <span class='ocr_line' id='line_1_11' title="bbox 344 1649 2232 1732; baseline 0.002 -18"><span class='ocrx_word' id='word_1_72' title='bbox 344 1653 447 1716; x_wconf 87' lang='lat' dir='ltr'><strong>die</strong></span> <span class='ocrx_word' id='word_1_73' title='bbox 486 1654 631 1717; x_wconf 85' lang='lat' dir='ltr'><strong>idus</strong></span> <span class='ocrx_word' id='word_1_74' title='bbox 674 1653 839 1715; x_wconf 86' lang='lat' dir='ltr'><strong>iulii.</strong></span> <span class='ocrx_word' id='word_1_75' title='bbox 886 1649 1141 1727; x_wconf 83' lang='lat' dir='ltr'><strong>Quibus</strong></span> <span class='ocrx_word' id='word_1_76' title='bbox 1184 1652 1531 1732; x_wconf 84' lang='lat' dir='ltr'><strong>peculiaris</strong></span> <span class='ocrx_word' id='word_1_77' title='bbox 1565 1653 2000 1717; x_wconf 85' lang='lat' dir='ltr'><strong>ecclesiastica</strong></span> <span class='ocrx_word' id='word_1_78' title='bbox 2041 1654 2232 1717; x_wconf 80' lang='lat' dir='ltr'><strong>iuris·</strong></span> 
     </span>
     <span class='ocr_line' id='line_1_12' title="bbox 344 1742 2234 1824; baseline 0.001 -15"><span class='ocrx_word' id='word_1_79' title='bbox 344 1745 543 1810; x_wconf 88' lang='lat' dir='ltr'><strong>dictio</strong></span> <span class='ocrx_word' id='word_1_80' title='bbox 602 1747 667 1809; x_wconf 88' lang='lat' dir='ltr'><strong>in</strong></span> <span class='ocrx_word' id='word_1_81' title='bbox 735 1746 1079 1809; x_wconf 83' lang='lat' dir='ltr'><strong>territoriis</strong></span> <span class='ocrx_word' id='word_1_82' title='bbox 1140 1745 1223 1807; x_wconf 91' lang='lat' dir='ltr'><strong>ad</strong></span> <span class='ocrx_word' id='word_1_83' title='bbox 1286 1752 1571 1824; x_wconf 83' lang='lat' dir='ltr'><strong>quatuor</strong></span> <span class='ocrx_word' id='word_1_84' title='bbox 1610 1744 1920 1808; x_wconf 85' lang='lat' dir='ltr'><strong>militares</strong></span> <span class='ocrx_word' id='word_1_85' title='bbox 1961 1742 2234 1811; x_wconf 81' lang='lat' dir='ltr'><strong>Ordines</strong></span> 
     </span>
     <span class='ocr_line' id='line_1_13' title="bbox 346 1836 2234 1917; baseline 0 -12"><span class='ocrx_word' id='word_1_86' title='bbox 346 1838 563 1905; x_wconf 84' lang='lat' dir='ltr'><strong>Sancti</strong></span> <span class='ocrx_word' id='word_1_87' title='bbox 608 1838 850 1917; x_wconf 85' lang='lat' dir='ltr'><strong>lacobi,</strong></span> <span class='ocrx_word' id='word_1_88' title='bbox 879 1838 1303 1914; x_wconf 79' lang='lat' dir='ltr'><strong>Alcantarae,</strong></span> <span class='ocrx_word' id='word_1_89' title='bbox 1335 1836 1743 1916; x_wconf 77' lang='lat' dir='ltr'><strong>Calan-avae,</strong></span> <span class='ocrx_word' id='word_1_90' title='bbox 1781 1845 1848 1903; x_wconf 90' lang='lat' dir='ltr'><strong>et</strong></span> <span class='ocrx_word' id='word_1_91' title='bbox 1873 1837 2234 1905; x_wconf 81' lang='lat' dir='ltr'><strong>Montesiae</strong></span> 
     </span>
     <span class='ocr_line' id='line_1_14' title="bbox 346 1931 2236 2015; baseline -0.001 -18"><span class='ocrx_word' id='word_1_92' title='bbox 346 1937 411 1997; x_wconf 85' lang='lat' dir='ltr'><strong>iu</strong></span> <span class='ocrx_word' id='word_1_93' title='bbox 452 1932 777 2015; x_wconf 83' lang='lat' dir='ltr'><strong>Hispaniis</strong></span> <span class='ocrx_word' id='word_1_94' title='bbox 819 1932 1291 2015; x_wconf 85' lang='lat' dir='ltr'><strong>pertinentibus</strong></span> <span class='ocrx_word' id='word_1_95' title='bbox 1333 1931 1666 2009; x_wconf 81' lang='lat' dir='ltr'><strong>aboletur,</strong></span> <span class='ocrx_word' id='word_1_96' title='bbox 1709 1933 2062 2013; x_wconf 86' lang='lat' dir='ltr'><strong>eademque</strong></span> <span class='ocrx_word' id='word_1_97' title='bbox 2108 1941 2236 1998; x_wconf 87' lang='lat' dir='ltr'><strong>ter-</strong></span> 
     </span>
     <span class='ocr_line' id='line_1_15' title="bbox 347 2021 2396 2108; baseline -0 -18"><span class='ocrx_word' id='word_1_98' title='bbox 347 2029 581 2091; x_wconf 86' lang='lat' dir='ltr'><strong>ritoria</strong></span> <span class='ocrx_word' id='word_1_99' title='bbox 624 2028 937 2108; x_wconf 79' lang='lat' dir='ltr'><strong>proximis</strong></span> <span class='ocrx_word' id='word_1_100' title='bbox 976 2026 1379 2089; x_wconf 79' lang='lat' dir='ltr'><strong>dioecesibus</strong></span> <span class='ocrx_word' id='word_1_101' title='bbox 1420 2032 1856 2105; x_wconf 75' lang='lat' dir='ltr'><strong>aggregantur</strong></span> <span class='ocrx_word' id='word_1_102' title='bbox 2018 2070 2035 2088; x_wconf 87' lang='lat'><strong>.</strong></span> <span class='ocrx_word' id='word_1_103' title='bbox 2203 2046 2240 2089; x_wconf 64' lang='lat' dir='ltr'><strong>a</strong></span> <span class='ocrx_word' id='word_1_104' title='bbox 2275 2021 2396 2095; x_wconf 71' lang='lat' dir='ltr'><strong>2oe</strong></span> 
     </span>
    </p>
   </div>
   <div class='ocr_carea' id='block_1_5' title="bbox 272 2208 2399 2679">
    <p class='ocr_par' dir='ltr' id='par_1_5' title="bbox 272 2208 2399 2679">
     <span class='ocr_line' id='line_1_16' title="bbox 272 2208 2238 2290; baseline -0.001 -10"><span class='ocrx_word' id='word_1_105' title='bbox 272 2212 529 2281; x_wconf 81' lang='lat' dir='ltr'><strong>Similes</strong></span> <span class='ocrx_word' id='word_1_106' title='bbox 569 2248 651 2263; x_wconf 84' lang='lat'><strong>--</strong></span> <span class='ocrx_word' id='word_1_107' title='bbox 704 2212 879 2290; x_wconf 73' lang='lat' dir='ltr'><strong>Quae</strong></span> <span class='ocrx_word' id='word_1_108' title='bbox 938 2212 1189 2277; x_wconf 69' lang='lat' dir='ltr'><strong>diversa</strong></span> <span class='ocrx_word' id='word_1_109' title='bbox 1224 2244 1305 2259; x_wconf 86' lang='lat'><strong>—-</strong></span> <span class='ocrx_word' id='word_1_110' title='bbox 1346 2210 1561 2275; x_wconf 86' lang='lat' dir='ltr'><strong>Pridie</strong></span> <span class='ocrx_word' id='word_1_111' title='bbox 1615 2208 1767 2275; x_wconf 83' lang='lat' dir='ltr'><strong>Idus</strong></span> <span class='ocrx_word' id='word_1_112' title='bbox 1828 2212 1996 2276; x_wconf 89' lang='lat' dir='ltr'><strong>iulii.</strong></span> <span class='ocrx_word' id='word_1_113' title='bbox 2061 2210 2238 2279; x_wconf 79' lang='lat' dir='ltr'><strong>Abo-</strong></span> 
     </span>
     <span class='ocr_line' id='line_1_17' title="bbox 354 2304 2233 2389; baseline -0.003 -12"><span class='ocrx_word' id='word_1_114' title='bbox 354 2316 575 2377; x_wconf 83' lang='lat' dir='ltr'><strong>lentnr</strong></span> <span class='ocrx_word' id='word_1_115' title='bbox 616 2307 1067 2389; x_wconf 79' lang='lat' dir='ltr'><strong>privilegiatae</strong></span> <span class='ocrx_word' id='word_1_116' title='bbox 1129 2323 1351 2369; x_wconf 88' lang='lat' dir='ltr'><strong>omnes</strong></span> <span class='ocrx_word' id='word_1_117' title='bbox 1404 2304 1874 2369; x_wconf 78' lang='lat' dir='ltr'><strong>iurisdictiones</strong></span> <span class='ocrx_word' id='word_1_118' title='bbox 1925 2308 2233 2372; x_wconf 83' lang='lat' dir='ltr'><strong>ecclesia-</strong></span> 
     </span>
     <span class='ocr_line' id='line_1_18' title="bbox 348 2399 2238 2482; baseline -0.004 -9"><span class='ocrx_word' id='word_1_119' title='bbox 348 2410 553 2473; x_wconf 85' lang='lat' dir='ltr'><strong>sticae</strong></span> <span class='ocrx_word' id='word_1_120' title='bbox 616 2404 681 2467; x_wconf 90' lang='lat' dir='ltr'><strong>in</strong></span> <span class='ocrx_word' id='word_1_121' title='bbox 748 2400 1073 2482; x_wconf 85' lang='lat' dir='ltr'><strong>Hispaniis</strong></span> <span class='ocrx_word' id='word_1_122' title='bbox 1097 2441 1117 2478; x_wconf 92' lang='lat'><strong>,</strong></span> <span class='ocrx_word' id='word_1_123' title='bbox 1158 2400 1368 2479; x_wconf 83' lang='lat' dir='ltr'><strong>iisque</strong></span> <span class='ocrx_word' id='word_1_124' title='bbox 1414 2399 1724 2463; x_wconf 81' lang='lat' dir='ltr'><strong>hactenus</strong></span> <span class='ocrx_word' id='word_1_125' title='bbox 1775 2401 2064 2465; x_wconf 83' lang='lat' dir='ltr'><strong>subiecta</strong></span> <span class='ocrx_word' id='word_1_126' title='bbox 2108 2409 2238 2465; x_wconf 88' lang='lat' dir='ltr'><strong>ter·</strong></span> 
     </span>
     <span class='ocr_line' id='line_1_19' title="bbox 350 2493 2240 2575; baseline -0.004 -8"><span class='ocrx_word' id='word_1_127' title='bbox 350 2502 605 2575; x_wconf 68' lang='lat' dir='ltr'><strong>moria,</strong></span> <span class='ocrx_word' id='word_1_128' title='bbox 648 2497 819 2572; x_wconf 89' lang='lat' dir='ltr'><strong>loca,</strong></span> <span class='ocrx_word' id='word_1_129' title='bbox 862 2494 1253 2557; x_wconf 84' lang='lat' dir='ltr'><strong>monasteria</strong></span> <span class='ocrx_word' id='word_1_130' title='bbox 1296 2493 1605 2573; x_wconf 78' lang='lat' dir='ltr'><strong>proximis</strong></span> <span class='ocrx_word' id='word_1_131' title='bbox 1654 2493 2056 2559; x_wconf 80' lang='lat' dir='ltr'><strong>dioecesibus</strong></span> <span class='ocrx_word' id='word_1_132' title='bbox 2096 2494 2240 2559; x_wconf 88' lang='lat' dir='ltr'><strong>iun-</strong></span> 
     </span>
     <span class='ocr_line' id='line_1_20' title="bbox 352 2585 2399 2679; baseline -0.004 -18"><span class='ocrx_word' id='word_1_133' title='bbox 352 2600 601 2679; x_wconf 83' lang='lat' dir='ltr'><strong>guntur</strong></span> <span class='ocrx_word' id='word_1_134' title='bbox 727 2632 744 2650; x_wconf 89' lang='lat'><strong>.</strong></span> <span class='ocrx_word' id='word_1_135' title='bbox 912 2630 929 2648; x_wconf 86' lang='lat'><strong>.</strong></span> <span class='ocrx_word' id='word_1_136' title='bbox 1096 2630 1113 2648; x_wconf 87' lang='lat'><strong>.</strong></span> <span class='ocrx_word' id='word_1_137' title='bbox 1283 2630 1299 2648; x_wconf 87' lang='lat'><strong>.</strong></span> <span class='ocrx_word' id='word_1_138' title='bbox 1468 2630 1484 2650; x_wconf 88' lang='lat'><strong>.</strong></span> <span class='ocrx_word' id='word_1_139' title='bbox 1654 2631 1670 2649; x_wconf 93' lang='lat'>.</span> <span class='ocrx_word' id='word_1_140' title='bbox 1841 2632 1856 2650; x_wconf 94' lang='lat'><strong>.</strong></span> <span class='ocrx_word' id='word_1_141' title='bbox 2023 2631 2040 2650; x_wconf 87' lang='lat'><strong>.</strong></span> <span class='ocrx_word' id='word_1_142' title='bbox 2207 2610 2242 2654; x_wconf 79' lang='grc'>»</span> <span class='ocrx_word' id='word_1_143' title='bbox 2279 2585 2399 2658; x_wconf 80' lang='lat'><strong>217</strong></span> 
     </span>
    </p>
   </div>
   <div class='ocr_carea' id='block_1_6' title="bbox 246 2772 2404 3131">
    <p class='ocr_par' dir='ltr' id='par_1_6' title="bbox 272 2772 2239 2870">
     <span class='ocr_line' id='line_1_21' title="bbox 272 2772 2239 2870; baseline -0.006 -17"><span class='ocrx_word' id='word_1_144' title='bbox 272 2783 571 2870; x_wconf 83' lang='lat' dir='ltr'><strong>Epistola</strong></span> <span class='ocrx_word' id='word_1_145' title='bbox 634 2778 716 2842; x_wconf 88' lang='lat' dir='ltr'><strong>ad</strong></span> <span class='ocrx_word' id='word_1_146' title='bbox 766 2774 1135 2840; x_wconf 72' lang='lat' dir='ltr'><strong>Praecidam</strong></span> <span class='ocrx_word' id='word_1_147' title='bbox 1176 2782 1241 2840; x_wconf 88' lang='lat' dir='ltr'><strong>et</strong></span> <span class='ocrx_word' id='word_1_148' title='bbox 1286 2773 1643 2840; x_wconf 79' lang='lat' dir='ltr'><strong>Consilium</strong></span> <span class='ocrx_word' id='word_1_149' title='bbox 1685 2772 2026 2858; x_wconf 80' lang='lat' dir='ltr'><strong>Municipii</strong></span> <span class='ocrx_word' id='word_1_150' title='bbox 2069 2773 2239 2842; x_wconf 87' lang='lat' dir='ltr'><strong>Tau-</strong></span> 
     </span>
    </p>

    <p class='ocr_par' dir='ltr' id='par_1_7' title="bbox 246 2864 2404 3131">
     <span class='ocr_line' id='line_1_22' title="bbox 246 2864 2240 2955; baseline -0.009 -9"><span class='ocrx_word' id='word_1_151' title='bbox 246 2917 253 2924; x_wconf 82' lang='lat'><strong>·</strong></span> <span class='ocrx_word' id='word_1_152' title='bbox 351 2880 483 2944; x_wconf 90' lang='lat' dir='ltr'><strong>bati</strong></span> <span class='ocrx_word' id='word_1_153' title='bbox 545 2871 919 2955; x_wconf 81' lang='lat' dir='ltr'><strong>provinciae</strong></span> <span class='ocrx_word' id='word_1_154' title='bbox 984 2867 1199 2934; x_wconf 88' lang='lat' dir='ltr'><strong>Sancti</strong></span> <span class='ocrx_word' id='word_1_155' title='bbox 1255 2864 1444 2932; x_wconf 87' lang='lat' dir='ltr'><strong>Pauli</strong></span> <span class='ocrx_word' id='word_1_156' title='bbox 1497 2871 1565 2932; x_wconf 87' lang='lat' dir='ltr'><strong>in</strong></span> <span class='ocrx_word' id='word_1_157' title='bbox 1624 2868 1900 2933; x_wconf 84' lang='lat' dir='ltr'><strong>Brasilia</strong></span> <span class='ocrx_word' id='word_1_158' title='bbox 1949 2903 2031 2916; x_wconf 89' lang='lat'><strong>—-</strong></span> <span class='ocrx_word' id='word_1_159' title='bbox 2073 2870 2240 2936; x_wconf 68' lang='lat' dir='ltr'><strong>Scito</strong></span> 
     </span>
     <span class='ocr_line' id='line_1_23' title="bbox 345 2957 2404 3128; baseline -0.006 -91"><span class='ocrx_word' id='word_1_160' title='bbox 345 2976 617 3055; x_wconf 56' lang='lat' dir='ltr'><strong>protecto</strong></span> <span class='ocrx_word' id='word_1_161' title='bbox 656 2999 737 3012; x_wconf 91' lang='lat'><strong>—</strong></span> <span class='ocrx_word' id='word_1_162' title='bbox 778 2967 881 3028; x_wconf 87' lang='lat' dir='ltr'><strong>die</strong></span> <span class='ocrx_word' id='word_1_163' title='bbox 920 2957 1001 3030; x_wconf 72' lang='lat'><strong>14</strong></span> <span class='ocrx_word' id='word_1_164' title='bbox 1040 2964 1206 3026; x_wconf 89' lang='lat' dir='ltr'><strong>iulii.</strong></span> <span class='ocrx_word' id='word_1_165' title='bbox 1255 2961 1357 3026; x_wconf 90' lang='lat' dir='ltr'><strong>De</strong></span> <span class='ocrx_word' id='word_1_166' title='bbox 1392 2962 1796 3030; x_wconf 71' lang='lat' dir='ltr'><strong>Massonismi</strong></span> <span class='ocrx_word' id='word_1_167' title='bbox 1821 2964 2243 3028; x_wconf 85' lang='lat' dir='ltr'><strong>machinatio-</strong></span> <span class='ocrx_word' id='word_1_168' title='bbox 2283 3055 2404 3128; x_wconf 49' lang='grc' dir='ltr'>π</span> 
     </span>
     <span class='ocr_line' id='line_1_24' title="bbox 352 3069 2246 3131; baseline -0.006 1"><span class='ocrx_word' id='word_1_169' title='bbox 352 3069 563 3131; x_wconf 83' lang='lat' dir='ltr'><strong>uibus.</strong></span> <span class='ocrx_word' id='word_1_170' title='bbox 726 3103 749 3122; x_wconf 86' lang='grc'><strong>.</strong></span> <span class='ocrx_word' id='word_1_171' title='bbox 914 3102 931 3119; x_wconf 91' lang='grc'><strong>.</strong></span> <span class='ocrx_word' id='word_1_172' title='bbox 1096 3101 1117 3118; x_wconf 87' lang='grc'><strong>.</strong></span> <span class='ocrx_word' id='word_1_173' title='bbox 1282 3101 1303 3117; x_wconf 90' lang='grc'><strong>.</strong></span> <span class='ocrx_word' id='word_1_174' title='bbox 1470 3099 1487 3118; x_wconf 91' lang='grc'><strong>.</strong></span> <span class='ocrx_word' id='word_1_175' title='bbox 1655 3099 1672 3118; x_wconf 90' lang='grc'><strong>.</strong></span> <span class='ocrx_word' id='word_1_176' title='bbox 1837 3100 1856 3118; x_wconf 92' lang='grc'><strong>.</strong></span> <span class='ocrx_word' id='word_1_177' title='bbox 2023 3099 2040 3116; x_wconf 91' lang='grc'><strong>.</strong></span> <span class='ocrx_word' id='word_1_178' title='bbox 2209 3079 2246 3120; x_wconf 70' lang='lat' dir='ltr'><strong>n</strong></span> 
     </span>
    </p>
   </div>
   <div class='ocr_carea' id='block_1_7' title="bbox 270 3242 2404 3617">
    <p class='ocr_par' dir='ltr' id='par_1_8' title="bbox 270 3242 2404 3617">
     <span class='ocr_line' id='line_1_25' title="bbox 270 3242 2234 3324; baseline -0.005 -3"><span class='ocrx_word' id='word_1_179' title='bbox 270 3252 513 3321; x_wconf 84' lang='lat' dir='ltr'><strong>Similis</strong></span> <span class='ocrx_word' id='word_1_180' title='bbox 570 3249 651 3314; x_wconf 89' lang='lat' dir='ltr'><strong>ad</strong></span> <span class='ocrx_word' id='word_1_181' title='bbox 716 3245 1083 3312; x_wconf 80' lang='lat' dir='ltr'><strong>Praesidem</strong></span> <span class='ocrx_word' id='word_1_182' title='bbox 1138 3250 1475 3324; x_wconf 87' lang='lat' dir='ltr'><strong>totumque</strong></span> <span class='ocrx_word' id='word_1_183' title='bbox 1534 3242 1896 3310; x_wconf 84' lang='lat' dir='ltr'><strong>Consilium</strong></span> <span class='ocrx_word' id='word_1_184' title='bbox 1943 3248 2234 3312; x_wconf 82' lang='lat' dir='ltr'><strong>centrale</strong></span> 
     </span>
     <span class='ocr_line' id='line_1_26' title="bbox 354 3338 2244 3424; baseline -0.007 -11"><span class='ocrx_word' id='word_1_185' title='bbox 354 3347 694 3412; x_wconf 87' lang='lat' dir='ltr'><strong>Societatis</strong></span> <span class='ocrx_word' id='word_1_186' title='bbox 736 3344 935 3405; x_wconf 88' lang='lat' dir='ltr'><strong>initae</strong></span> <span class='ocrx_word' id='word_1_187' title='bbox 978 3357 1099 3420; x_wconf 90' lang='lat' dir='ltr'><strong>pro</strong></span> <span class='ocrx_word' id='word_1_188' title='bbox 1141 3339 1345 3402; x_wconf 87' lang='lat' dir='ltr'><strong>tutela</strong></span> <span class='ocrx_word' id='word_1_189' title='bbox 1384 3339 1479 3400; x_wconf 91' lang='lat' dir='ltr'><strong>rei</strong></span> <span class='ocrx_word' id='word_1_190' title='bbox 1532 3338 1892 3402; x_wconf 87' lang='lat' dir='ltr'><strong>catholicae</strong></span> <span class='ocrx_word' id='word_1_191' title='bbox 1935 3338 2244 3424; x_wconf 83' lang='lat' dir='ltr'><strong>(Massili-</strong></span> 
     </span>
     <span class='ocr_line' id='line_1_27' title="bbox 356 3429 2241 3521; baseline -0.004 -15"><span class='ocrx_word' id='word_1_192' title='bbox 356 3441 481 3521; x_wconf 91' lang='lat' dir='ltr'><strong>am)</strong></span> <span class='ocrx_word' id='word_1_193' title='bbox 524 3471 605 3486; x_wconf 86' lang='lat'><strong>--</strong></span> <span class='ocrx_word' id='word_1_194' title='bbox 648 3435 727 3502; x_wconf 80' lang='lat' dir='ltr'><strong>Si</strong></span> <span class='ocrx_word' id='word_1_195' title='bbox 764 3437 1107 3518; x_wconf 57' lang='lat' dir='ltr'><strong>pandemus</strong></span> <span class='ocrx_word' id='word_1_196' title='bbox 1144 3465 1224 3478; x_wconf 84' lang='lat'><strong>--</strong></span> <span class='ocrx_word' id='word_1_197' title='bbox 1266 3432 1369 3496; x_wconf 89' lang='lat' dir='ltr'><strong>die</strong></span> <span class='ocrx_word' id='word_1_198' title='bbox 1419 3429 1497 3495; x_wconf 83' lang='lat'><strong>17</strong></span> <span class='ocrx_word' id='word_1_199' title='bbox 1540 3431 1706 3494; x_wconf 88' lang='lat' dir='ltr'><strong>iulii.</strong></span> <span class='ocrx_word' id='word_1_200' title='bbox 1755 3431 1853 3497; x_wconf 85' lang='lat' dir='ltr'><strong>De</strong></span> <span class='ocrx_word' id='word_1_201' title='bbox 1893 3433 2241 3499; x_wconf 83' lang='lat' dir='ltr'><strong>christiana</strong></span> 
     </span>
     <span class='ocr_line' id='line_1_28' title="bbox 354 3527 2404 3617; baseline -0.008 -16"><span class='ocrx_word' id='word_1_202' title='bbox 354 3534 829 3617; x_wconf 82' lang='lat' dir='ltr'><strong>operariorum</strong></span> <span class='ocrx_word' id='word_1_203' title='bbox 872 3529 1295 3593; x_wconf 85' lang='lat' dir='ltr'><strong>institutione.</strong></span> <span class='ocrx_word' id='word_1_204' title='bbox 1460 3569 1479 3586; x_wconf 92' lang='lat'><strong><em>.</em></strong></span> <span class='ocrx_word' id='word_1_205' title='bbox 1646 3569 1666 3587; x_wconf 84' lang='lat'><strong>.</strong></span> <span class='ocrx_word' id='word_1_206' title='bbox 1833 3571 1850 3588; x_wconf 92' lang='lat'><strong>.</strong></span> <span class='ocrx_word' id='word_1_207' title='bbox 2019 3571 2036 3588; x_wconf 89' lang='lat'><strong>.</strong></span> <span class='ocrx_word' id='word_1_208' title='bbox 2204 3551 2239 3592; x_wconf 65' lang='lat'><strong>&gt;2</strong></span> <span class='ocrx_word' id='word_1_209' title='bbox 2279 3527 2404 3598; x_wconf 77' lang='lat'><strong>228</strong></span> 
     </span>
    </p>
   </div>
   <div class='ocr_carea' id='block_1_8' title="bbox 274 3713 2249 4350">
    <p class='ocr_par' dir='ltr' id='par_1_9' title="bbox 274 3713 2249 4350">
     <span class='ocr_line' id='line_1_29' title="bbox 274 3713 2246 3792; baseline -0.005 -1"><span class='ocrx_word' id='word_1_210' title='bbox 274 3722 619 3792; x_wconf 79' lang='lat' dir='ltr'><strong>Allocutio</strong></span> <span class='ocrx_word' id='word_1_211' title='bbox 662 3718 883 3782; x_wconf 83' lang='lat' dir='ltr'><strong>habita</strong></span> <span class='ocrx_word' id='word_1_212' title='bbox 924 3717 1027 3780; x_wconf 90' lang='lat' dir='ltr'><strong>die</strong></span> <span class='ocrx_word' id='word_1_213' title='bbox 1066 3714 1149 3782; x_wconf 82' lang='lat'><strong>25</strong></span> <span class='ocrx_word' id='word_1_214' title='bbox 1186 3716 1333 3779; x_wconf 89' lang='lat' dir='ltr'><strong>iulii</strong></span> <span class='ocrx_word' id='word_1_215' title='bbox 1375 3713 1455 3778; x_wconf 87' lang='lat' dir='ltr'><strong>ad</strong></span> <span class='ocrx_word' id='word_1_216' title='bbox 1508 3713 1573 3780; x_wconf 90' lang='lat' dir='ltr'><strong>S.</strong></span> <span class='ocrx_word' id='word_1_217' title='bbox 1619 3715 1702 3780; x_wconf 85' lang='lat' dir='ltr'><strong>R.</strong></span> <span class='ocrx_word' id='word_1_218' title='bbox 1751 3713 1828 3778; x_wconf 90' lang='lat' dir='ltr'><strong>E.</strong></span> <span class='ocrx_word' id='word_1_219' title='bbox 1873 3713 2246 3782; x_wconf 83' lang='lat' dir='ltr'><strong>Cardinales</strong></span> 
     </span>
     <span class='ocr_line' id='line_1_30' title="bbox 356 3807 2248 3890; baseline -0.006 -7"><span class='ocrx_word' id='word_1_220' title='bbox 356 3823 423 3883; x_wconf 86' lang='lat' dir='ltr'><strong>iu</strong></span> <span class='ocrx_word' id='word_1_221' title='bbox 466 3817 755 3882; x_wconf 84' lang='lat' dir='ltr'><strong>Aedibus</strong></span> <span class='ocrx_word' id='word_1_222' title='bbox 812 3811 1139 3876; x_wconf 82' lang='lat' dir='ltr'><strong>Vaticanis</strong></span> <span class='ocrx_word' id='word_1_223' title='bbox 1176 3843 1259 3856; x_wconf 89' lang='lat'><strong>—-</strong></span> <span class='ocrx_word' id='word_1_224' title='bbox 1308 3807 1493 3885; x_wconf 74' lang='lat' dir='ltr'><strong>Quod</strong></span> <span class='ocrx_word' id='word_1_225' title='bbox 1522 3809 2128 3890; x_wconf 62' lang='lat' dir='ltr'><strong>praesum-iuvimus</strong></span> <span class='ocrx_word' id='word_1_226' title='bbox 2167 3843 2248 3860; x_wconf 85' lang='lat'><strong>-·</strong></span> 
     </span>
     <span class='ocr_line' id='line_1_31' title="bbox 356 3900 2244 3988; baseline -0.005 -11"><span class='ocrx_word' id='word_1_227' title='bbox 356 3912 671 3986; x_wconf 84' lang='lat' dir='ltr'><strong>Nuuciat,</strong></span> <span class='ocrx_word' id='word_1_228' title='bbox 714 3909 923 3986; x_wconf 80' lang='lat' dir='ltr'><strong>legem</strong></span> <span class='ocrx_word' id='word_1_229' title='bbox 967 3923 1006 3968; x_wconf 89' lang='lat' dir='ltr'><strong>a</strong></span> <span class='ocrx_word' id='word_1_230' title='bbox 1048 3900 1441 3984; x_wconf 80' lang='lat' dir='ltr'><strong>Legislativo</strong></span> <span class='ocrx_word' id='word_1_231' title='bbox 1482 3902 1688 3968; x_wconf 86' lang='lat' dir='ltr'><strong>Coetu</strong></span> <span class='ocrx_word' id='word_1_232' title='bbox 1729 3904 2071 3984; x_wconf 84' lang='lat' dir='ltr'><strong>sancitam,</strong></span> <span class='ocrx_word' id='word_1_233' title='bbox 2113 3922 2244 3988; x_wconf 87' lang='lat' dir='ltr'><strong>qua</strong></span> 
     </span>
     <span class='ocr_line' id='line_1_32' title="bbox 359 3995 2248 4080; baseline -0.005 -10"><span class='ocrx_word' id='word_1_234' title='bbox 359 4007 553 4070; x_wconf 85' lang='lat' dir='ltr'><strong>etiam</strong></span> <span class='ocrx_word' id='word_1_235' title='bbox 608 4001 853 4066; x_wconf 81' lang='lat' dir='ltr'><strong>Romae</strong></span> <span class='ocrx_word' id='word_1_236' title='bbox 882 4041 901 4076; x_wconf 91' lang='lat'><strong>,</strong></span> <span class='ocrx_word' id='word_1_237' title='bbox 944 3999 1135 4061; x_wconf 89' lang='lat' dir='ltr'><strong>sicuti</strong></span> <span class='ocrx_word' id='word_1_238' title='bbox 1186 3997 1251 4059; x_wconf 87' lang='lat' dir='ltr'><strong>in</strong></span> <span class='ocrx_word' id='word_1_239' title='bbox 1312 3998 1565 4076; x_wconf 87' lang='lat' dir='ltr'><strong>reliqua</strong></span> <span class='ocrx_word' id='word_1_240' title='bbox 1608 3995 1794 4060; x_wconf 87' lang='lat' dir='ltr'><strong>ltalia</strong></span> <span class='ocrx_word' id='word_1_241' title='bbox 1821 4041 1840 4076; x_wconf 93' lang='lat'><strong>,</strong></span> <span class='ocrx_word' id='word_1_242' title='bbox 1881 3997 2248 4080; x_wconf 81' lang='lat' dir='ltr'><strong>Religiosae</strong></span> 
     </span>
     <span class='ocr_line' id='line_1_33' title="bbox 364 4091 2249 4174; baseline -0.003 -11"><span class='ocrx_word' id='word_1_243' title='bbox 364 4095 683 4163; x_wconf 85' lang='lat' dir='ltr'><strong>Familiae</strong></span> <span class='ocrx_word' id='word_1_244' title='bbox 726 4095 1245 4174; x_wconf 85' lang='lat' dir='ltr'><strong>supprimuntur,</strong></span> <span class='ocrx_word' id='word_1_245' title='bbox 1274 4100 1341 4153; x_wconf 88' lang='lat' dir='ltr'><strong>et</strong></span> <span class='ocrx_word' id='word_1_246' title='bbox 1366 4091 1800 4154; x_wconf 82' lang='lat' dir='ltr'><strong>ecclesiastica</strong></span> <span class='ocrx_word' id='word_1_247' title='bbox 1839 4092 2008 4154; x_wconf 86' lang='lat' dir='ltr'><strong>bona</strong></span> <span class='ocrx_word' id='word_1_248' title='bbox 2036 4095 2249 4173; x_wconf 89' lang='lat' dir='ltr'><strong>publi-</strong></span> 
     </span>
     <span class='ocr_line' id='line_1_34' title="bbox 361 4179 2248 4263; baseline -0.003 -7"><span class='ocrx_word' id='word_1_249' title='bbox 361 4211 477 4256; x_wconf 85' lang='lat' dir='ltr'><strong>cae</strong></span> <span class='ocrx_word' id='word_1_250' title='bbox 517 4189 863 4253; x_wconf 88' lang='lat' dir='ltr'><strong>licitationi</strong></span> <span class='ocrx_word' id='word_1_251' title='bbox 904 4185 1321 4248; x_wconf 87' lang='lat' dir='ltr'><strong>obiiciuntur.</strong></span> <span class='ocrx_word' id='word_1_252' title='bbox 1355 4179 1628 4263; x_wconf 87' lang='lat' dir='ltr'><strong>Impium</strong></span> <span class='ocrx_word' id='word_1_253' title='bbox 1657 4183 1782 4246; x_wconf 87' lang='lat' dir='ltr'><strong>boc</strong></span> <span class='ocrx_word' id='word_1_254' title='bbox 1807 4183 2054 4247; x_wconf 75' lang='lat' dir='ltr'><strong>facinus</strong></span> <span class='ocrx_word' id='word_1_255' title='bbox 2095 4205 2248 4250; x_wconf 77' lang='lat' dir='ltr'><strong>exe-</strong></span> 
     </span>
     <span class='ocr_line' id='line_1_35' title="bbox 360 4276 2249 4350; baseline -0.003 0"><span class='ocrx_word' id='word_1_256' title='bbox 360 4303 553 4350; x_wconf 82' lang='lat' dir='ltr'><strong>crans</strong></span> <span class='ocrx_word' id='word_1_257' title='bbox 614 4288 799 4346; x_wconf 81' lang='lat' dir='ltr'><strong>actus</strong></span> <span class='ocrx_word' id='word_1_258' title='bbox 843 4297 1063 4343; x_wconf 87' lang='lat' dir='ltr'><strong>omnes</strong></span> <span class='ocrx_word' id='word_1_259' title='bbox 1126 4279 1191 4339; x_wconf 90' lang='lat' dir='ltr'><strong>in</strong></span> <span class='ocrx_word' id='word_1_260' title='bbox 1234 4277 1357 4340; x_wconf 90' lang='lat' dir='ltr'><strong>bac</strong></span> <span class='ocrx_word' id='word_1_261' title='bbox 1398 4294 1467 4340; x_wconf 88' lang='lat' dir='ltr'><strong>re</strong></span> <span class='ocrx_word' id='word_1_262' title='bbox 1518 4276 1738 4340; x_wconf 89' lang='lat' dir='ltr'><strong>nullos</strong></span> <span class='ocrx_word' id='word_1_263' title='bbox 1778 4286 1846 4341; x_wconf 88' lang='lat' dir='ltr'><strong>et</strong></span> <span class='ocrx_word' id='word_1_264' title='bbox 1885 4277 2099 4345; x_wconf 84' lang='lat' dir='ltr'><strong>irritos</strong></span> <span class='ocrx_word' id='word_1_265' title='bbox 2139 4280 2249 4344; x_wconf 85' lang='lat' dir='ltr'><strong>de-</strong></span> 
     </span>
    </p>
   </div>
   <div class='ocr_carea' id='block_1_9' title="bbox 359 4373 2242 4462">
    <p class='ocr_par' dir='ltr' id='par_1_10' title="bbox 359 4373 2242 4462">
     <span class='ocr_line' id='line_1_36' title="bbox 359 4373 2242 4462; baseline -0.005 -14"><span class='ocrx_word' id='word_1_266' title='bbox 359 4381 591 4462; x_wconf 79' lang='lat' dir='ltr'><strong>clarat,</strong></span> <span class='ocrx_word' id='word_1_267' title='bbox 634 4383 701 4442; x_wconf 88' lang='lat' dir='ltr'><strong>et</strong></span> <span class='ocrx_word' id='word_1_268' title='bbox 738 4383 958 4442; x_wconf 83' lang='lat' dir='ltr'><strong>monet</strong></span> <span class='ocrx_word' id='word_1_269' title='bbox 998 4373 1367 4440; x_wconf 84' lang='lat' dir='ltr'><strong>huiusmodi</strong></span> <span class='ocrx_word' id='word_1_270' title='bbox 1430 4373 1591 4456; x_wconf 86' lang='lat' dir='ltr'><strong>legis</strong></span> <span class='ocrx_word' id='word_1_271' title='bbox 1632 4382 1934 4438; x_wconf 85' lang='lat' dir='ltr'><strong>auctores</strong></span> <span class='ocrx_word' id='word_1_272' title='bbox 1975 4383 2042 4438; x_wconf 89' lang='lat' dir='ltr'><strong>et</strong></span> <span class='ocrx_word' id='word_1_273' title='bbox 2081 4395 2242 4456; x_wconf 76' lang='lat' dir='ltr'><strong>quo-</strong></span> 
     </span>
    </p>
   </div>
   <div class='ocr_carea' id='block_1_10' title="bbox 1983 4479 2090 4566">
    <p class='ocr_par' dir='ltr' id='par_1_11' title="bbox 1983 4479 2090 4566">
     <span class='ocr_line' id='line_1_37' title="bbox 1983 4479 2090 4566; baseline 0 0"><span class='ocrx_word' id='word_1_274' title='bbox 1983 4479 2090 4566; x_wconf 80' lang='lat'><strong>26</strong></span> 
     </span>
    </p>
   </div>
  </div>
 </body>
</html>
