3292 5275
302 622 757 710 violabiliter,
808 636 881 699 et
935 623 1343 706 inconcusse
1396 622 1782 699 observari.
1837 620 2092 719 Sicque
2145 632 2217 719 et
2271 642 2416 725 non

296 748 517 821 aliter
571 748 641 819 in
698 748 1093 839 praemissis
1132 747 1402 821 censeri
1440 758 1654 841 atque
1711 746 1814 819 ita
1869 767 1994 839 per
2045 766 2418 841 quoscum-7

296 887 445 963 que
498 864 771 941 ludices
826 868 1213 969 ordinarios
1264 868 1381 940 vel
1434 862 1836 959 DelegatoS,
1885 864 2090 941 etiam
2142 861 2418 941 Causa-

296 1008 457 1061 rum
509 983 761 1063 Palatii
816 983 1197 1081 Apostolici
1236 984 1617 1063 Auditores
1672 1009 1753 1063 ac
1807 982 2102 1090 Sanctae
2155 982 2418 1061 Roma·-

296 1129 435 1183 nae
490 1106 851 1183 Ecclesiae
902 1104 1304 1181 Cardinales
1331 1156 1352 1193 ,
1409 1110 1712 1203 aliosque
1777 1107 2128 1203 quoslibet
2157 1156 2178 1195 ,
2235 1128 2416 1203 qua-

294 1250 601 1323 cumque
680 1228 1215 1323 praeeminentia
1262 1250 1376 1301 ac
1460 1239 1804 1322 potestate
1869 1228 2232 1319 fungentes
2265 1277 2287 1314 ,
2345 1241 2415 1302 et

298 1352 699 1433 iuncturos,
755 1351 1033 1425 sublata
1088 1352 1193 1423 eis
1230 1363 1577 1423 eteorum
1633 1349 1926 1425 cuilibet
1977 1346 2182 1421 aliter
2236 1349 2420 1423 iudi-

294 1472 513 1545 candi
568 1483 639 1543 et
692 1470 1194 1565 interpretandi
1250 1471 1612 1555 facultate,
1672 1468 1966 1543 iudicari
2019 1478 2090 1540 et
2144 1468 2416 1543 definiri

296 1594 605 1679 debere,
662 1614 744 1665 ac
800 1592 1079 1664 irritum
1136 1602 1209 1663 et
1284 1588 1493 1662 inane
1548 1590 1607 1662 si
1685 1610 1888 1662 secus
1939 1610 2150 1685 super
2210 1590 2320 1662 his
2373 1612 2416 1662 a

295 1734 655 1808 quoquam
708 1714 958 1805 quavis
1016 1714 1431 1785 auctoritate
1484 1711 1817 1796 scienter,
1858 1710 1970 1783 vel
2015 1712 2416 1805 ignoranter

296 1832 678 1925 contigerit
732 1833 1081 1906 attentari.
1140 1827 1291 1904 Non
1346 1831 1790 1905 obstantibus
1825 1826 2092 1905 Nostris
2127 1843 2198 1905 ct
2233 1827 2416 1905 Can-

296 1956 629 2027 cellariae
706 1950 1147 2047 Apostolicae
1204 1952 1467 2043 regulis
1494 2000 1517 2036 ,
1570 1965 1643 2023 et
1721 1973 1806 2025 ea
1861 1952 2274 2047 praesertim
2327 1954 2415 2027 de

296 2074 455 2147 iure
510 2076 833 2169 quaesito
888 2094 1025 2145 non
1082 2072 1413 2157 tollendo,
1453 2083 1834 2145 memorata
1887 2067 2072 2143 Sixti
2110 2067 2196 2143 V.
2227 2068 2412 2147 Con-

297 2194 671 2267 stitutione
704 2242 727 2277 ,
792 2194 1087 2285 aliisque
1142 2187 1569 2284 Apostolicis
1630 2186 2264 2264 constitutionibus
2341 2204 2416 2267 et

296 2307 903 2393 ordinationibus,
961 2333 1089 2385 nce
1144 2333 1281 2385 non
1340 2311 1710 2405 quibusvis
1765 2312 1974 2383 etiam
2027 2309 2412 2387 iuramento

296 2432 827 2506 confirmatione
882 2428 1285 2527 Apostolica
1312 2480 1335 2513 ‚
1394 2431 1501 2503 vel
1554 2432 1814 2525 quavis
1880 2430 2206 2505 firmitate
2271 2437 2412 2508 alia

298 2554 649 2627 roboratis
704 2554 1012 2637 statutis,
1068 2563 1142 2625 et
1195 2551 1845 2637 consuetudinibus,
1900 2554 2114 2625 etiam
2168 2554 2413 2627 imme-

296 2674 779 2760 morabilibus,
810 2671 1193 2767 privilegiis
1248 2694 1525 2768 quoque
1578 2673 2139 2766 exemptionibus
2178 2687 2252 2748 et
2300 2675 2413 2748 in-

294 2795 524 2868 dultis
578 2793 899 2888 specifica
954 2805 1027 2867 et
1082 2793 1449 2866 individua
1484 2795 1842 2866 mentione
1899 2791 2146 2886 dignis,
2203 2795 2410 2870 etiam

294 2917 435 2993 sub
486 2915 1031 3010 quibuscumque
1087 2913 1457 2987 verborum
1512 2912 1868 2988 tenoribus
1897 2964 1918 3002 ,
1973 2927 2046 2988 et
2102 2917 2340 2990 fonnis
2381 2966 2405 3003 ,

290 3048 371 3110 et
425 3058 588 3110 cum
641 3034 1009 3132 quibusvis
1066 3034 1445 3118 clausulis,
1499 3045 1573 3107 et
1624 3035 1930 3108 decretis
1993 3048 2065 3108 et
2120 3038 2412 3130 deroga·-

298 3159 639 3230 toriarum
691 3155 1177 3247 derogatoriis,
1232 3165 1308 3226 et
1362 3156 1798 3228 irritantibus
1857 3157 1930 3229 in
1985 3179 2236 3249 genere
2289 3163 2408 3234 vel

296 3277 368 3350 in
428 3277 691 3369 specie,
744 3276 959 3349 etiam
995 3269 1191 3347 Motu
1230 3277 1515 3370 proprio
1552 3287 1624 3349 et
1663 3277 1752 3350 de
1790 3273 2230 3370 Apostolicac
2269 3275 2408 3354 Po-

296 3397 575 3470 testatis
612 3394 1043 3490 plenitudine
1080 3417 1205 3467 seu
1240 3391 1864 3477 Consistorialiter‚
1904 3419 1986 3470 ac
2025 3398 2200 3471 alias
2235 3421 2412 3494 quo-

294 3516 677 3590 modolibet
714 3517 789 3588 in
826 3517 1259 3589 contrarium
1314 3516 1856 3608 praemissorum
1911 3521 2288 3606 concessis„
2327 3544 2410 3594 ac

296 3639 565 3733 pluries
619 3635 1070 3720 confirmatis,
1128 3636 1556 3732 approbatis,
1596 3648 1670 3710 et
1706 3636 2079 3714 innovatis.
2136 3635 2407 3728 Quibus

294 3757 622 3831 omnibus
676 3767 753 3830 et
806 3754 1083 3848 singulis
1160 3757 1432 3828 etiamsi
1500 3778 1624 3849 pro
1707 3759 1986 3831 illorum
2040 3758 2406 3834 sufficienti

292 3877 748 3969 derogatione
801 3878 891 3948 de
944 3876 1115 3960 illis,
1174 3895 1553 3970 eorumque
1612 3877 1770 3950 totis
1823 3880 2184 3953 tenoribus
2240 3901 2407 3973 spe-

296 3997 495 4070 cialis
528 4045 550 4081 ,
608 3996 931 4090 specifica
982 4008 1058 4070 et
1110 3996 1478 4071 individua
1532 4001 1796 4072 mentio
1826 4050 1848 4087 ,
1903 4022 2028 4072 seu
2111 4005 2406 4095 quaevis

290 4117 433 4190 alia
485 4115 837 4211 expressio
872 4119 959 4190 ad
997 4118 1071 4190 id
1125 4118 1474 4194 servanda
1511 4120 1720 4204 foret,
1759 4121 2040 4194 illorum
2095 4134 2403 4210 tenores,

296 4239 585 4323 formas,
626 4257 867 4310 causas
922 4249 993 4312 et
1044 4239 1449 4313 occasiones
1520 4241 2012 4331 praesentibus
2067 4265 2195 4336 pro
2249 4247 2406 4338 ple-
