3292 5275
2285 464 2438 544 409

405 599 565 664 Sede
595 601 939 679 lubenter„
970 608 1032 663 et
1064 600 1142 662 ad
1174 598 1631 664 Christitideles
1661 598 1992 661 universos
2013 628 2088 643 —-
2117 596 2284 661 Gra-

398 695 581 757 vibus
603 694 919 757 Ecclesiae
940 730 1020 740 —
1041 695 1164 756 diei
1190 691 1271 757 24
1298 692 1672 755 decembris.
1709 688 1788 754 Se
1821 709 2147 774 nunquam
2176 691 2285 753 de—

408 790 593 852 siisse
636 795 953 851 memorat
994 789 1055 849 in
1101 788 1505 868 gravioribus
1530 783 1860 848 Ecclesiae
1903 784 2286 849 calamitati-

397 884 517 945 bus
561 882 987 946 cbristianum
1018 882 1335 963 populum
1366 881 1654 943 excitare
1689 880 1768 940 ad
1798 880 2140 960 culparum
2170 898 2285 941 ex·

401 977 776 1058 piationem,
802 976 1259 1057 spiritualibus
1302 976 1495 1037 etiam
1528 973 1829 1035 reseratis
1855 969 2286 1053 Indulgentia-

402 1088 548 1132 rum
579 1070 921 1147 thesauriS‚
946 1086 1083 1149 quo
1130 1068 1425 1130 fidentius
1450 1074 1515 1130 et
1557 1066 1878 1128 efficacius
1924 1066 2000 1127 ad
2043 1067 2288 1131 miseri-

402 1163 767 1225 cordiarum
781 1160 1039 1225 Patrem
1066 1162 1403 1223 accederet
1410 1180 1433 1239 3
1460 1160 1652 1239 idque
1675 1159 1865 1221 etiam
1896 1160 2287 1239 praestitisse

404 1257 741 1318 occasione
772 1252 1173 1318 Sacrosancti
1207 1254 1341 1317 Oec
1356 1254 1631 1317 umenici
1663 1249 1958 1313 Vaticani
1985 1250 2284 1330 Concilii,

403 1368 533 1431 quo
577 1367 885 1429 suspenso
917 1350 999 1411 ob
1024 1358 1400 1430 ‚temporum
1434 1348 1863 1423 calamitateS,
1889 1343 2292 1427 Indulgentia

408 1450 621 1505 tamen
666 1443 727 1503 in
775 1441 978 1503 forma
1046 1439 1316 1504 lubilaei
1360 1457 1662 1503 concessa
1715 1439 1926 1501 adhuc
1977 1440 2288 1521 perdura-

412 1537 554 1599 bat:
600 1537 716 1599 sibi
762 1538 1040 1599 maxime
1086 1538 1147 1597 in
1192 1536 1355 1600 votis
1398 1535 1595 1598 fuisse
1636 1551 1804 1596 anno
1831 1527 1990 1599 1850
2031 1535 2289 1598 univer·

403 1630 541 1693 sale
586 1631 942 1693 iubilaeum
990 1630 1293 1707 indicere,
1324 1629 1435 1691 sed
1468 1635 1601 1691 tum
1632 1628 2104 1691 ecclesiasticae
2153 1634 2288 1691 tum

408 1725 614 1787 civilis
651 1725 745 1787 rei
767 1724 1283 1805 perturbationes
1315 1730 1442 1785 tam
1472 1722 1719 1784 salubri
1750 1722 1918 1783 dono
1945 1720 2286 1786 obstitisse.

404 1814 501 1880 Nc
528 1834 682 1880 vero
707 1818 899 1878 etiam
934 1816 1299 1879 imminente
1322 1834 1489 1878 anno
1529 1810 1688 1878 1875
1729 1814 1884 1876 licet
1926 1820 2286 1894 temporum

406 1910 875 1973 vicissitudines
899 1910 962 1971 in
986 1911 1167 1987 peius
1200 1914 1507 1971 corruant
1534 1916 1711 1970 tanto
1740 1907 1909 1969 bono
1938 1906 2158 1970 fideles
2179 1905 2289 1971 de-

414 2006 793 2081 stituantur,
837 2008 1187 2065 maximum
1254 2009 1319 2064 et
1382 2002 1748 2063 universale
1799 2002 2154 2064 iubilaeum
2207 2002 2288 2065 ad

414 2106 623 2162 totum
668 2115 905 2158 annum
950 2096 1389 2176 supradictum
1432 2095 1818 2157 duraturum
1869 2095 2113 2172 indicit,
2155 2114 2290 2159 ser-

409 2201 557 2255 vata
603 2208 679 2253 ea
722 2189 951 2267 forma,
982 2208 1173 2269 quam
1220 2162 1581 2268 tempb'rum
1628 2188 1911 2249 conditio
1954 2190 2126 2267 sinit,
2159 2208 2286 2254 me-

408 2291 856 2363 moratamque
899 2283 1359 2364 indulgentiam
1402 2283 1740 2344 occasione
1783 2278 2076 2345 Vaticani
2122 2281 2290 2348 Con·

406 2379 536 2441 cilii
582 2380 645 2440 in
696 2376 897 2438 t'orma
946 2375 1213 2439 lubilaei
1277 2392 1647 2438 concessam
1691 2382 1979 2437 revocat.
2038 2373 2282 2443 Deinde

408 2471 486 2534 ad
533 2471 697 2533 hanc
746 2470 1257 2551 consequendam
1308 2469 1664 2550 plenariam
1719 2476 2134 2550 peccatorum
2187 2490 2290 2535 re-

408 2566 774 2629 missionem
819 2566 1081 2646 regulas
1126 2572 1522 2645 opportunas
1567 2564 1760 2626 tradit
1799 2564 1997 2646 leges.
2073 2610 2088 2627 .
2259 2588 2291 2627 n
2327 2562 2450 2633 347

332 2755 429 2818 Ad
476 2753 837 2817 uberiorem
884 2769 1040 2817 vero
1080 2770 1367 2817 normam
1414 2751 1535 2815 hoc
1586 2749 1858 2818 lubilaei
1887 2772 2054 2819 anno
2095 2775 2289 2838 agen-

406 2849 633 2911 dorum
656 2849 887 2911 iterum
909 2850 1010 2911 edi
1032 2851 1215 2913 iussit
1245 2848 1595 2930 Epistolam
1624 2851 2019 2928 encyclicam
2047 2849 2278 2914 Leonis

408 2941 536 3006 ΡΡ.
582 2939 727 3004 Xll.
773 2943 850 3005 de
893 2945 1155 3007 iubilaci
1200 2944 1572 3006 extensione
1614 2941 1693 3003 ad
1756 2943 2130 3006 universum
2171 2961 2282 3004 ca-

408 3037 725 3102 tholicum
768 3055 1049 3116 gregem.
1323 3080 1339 3097 .
1509 3078 1525 3096 .
1695 3078 1711 3095 .
1881 3079 1896 3095 .
2064 3079 2080 3096 .
2250 3055 2284 3096 »
2325 3031 2448 3103 361

1088 3203 1095 3208 “
1166 3220 1617 3290 APPENDIX

564 3337 625 3385 ΙΝ
668 3335 793 3394 Qua
837 3333 963 3384 Duo
1009 3333 1457 3384 conrtnssurun
1502 3335 1662 3384 ACTA
1704 3336 1807 3385 Au.
1854 3335 2237 3386 uncccbxxt.

332 3503 615 3573 Litterae
667 3505 1079 3588 Apostolicae
1124 3507 1187 3570 in
1230 3505 1433 3570 forma
1478 3505 1703 3574 Brevis
1731 3541 1810 3556 --
1841 3505 2016 3586 Quae
2058 3530 2101 3573 a
2139 3526 2286 3572 san-

410 3599 705 3666 ctissimis
734 3635 815 3648 -
856 3603 956 3664 die
1006 3599 1045 3664 7
1097 3602 1426 3666 februarii.
1492 3600 1815 3666 Sententia
1877 3603 2296 3666 confirmatur

429 3696 493 3760 S.
525 3695 795 3758 Rituum
838 3693 1363 3776 Congregationis
1392 3695 1469 3758 ad
1498 3698 2002 3759 controversiam
2045 3697 2294 3759 diluen-

410 3791 562 3854 dam
608 3791 776 3852 inter
818 3789 1165 3851 nonnullos
1196 3787 1630 3852 Cisterciensis
1673 3786 1928 3852 Ordinis
1973 3789 2292 3852 Alumnos

423 3890 715 3950 exortam
781 3882 855 3943 de
908 3881 1307 3962 legitimitate
1351 3882 1824 3946 reformationis
1866 3881 2187 3946 Breviarii
2231 3889 2296 3946 et

411 3975 730 4057 MissaliS,
775 3975 1008 4055 quibus
1050 3975 1271 4038 eadem
1314 3975 1640 4056 Religiosa
1684 3975 1924 4040 familia
1966 3979 2192 4042 utitur.
2257 3996 2290 4036 »
2331 3971 2452 4042 383

330 4163 586 4232 Similes
617 4199 697 4212 -
721 4163 897 4228 Inter
936 4163 1401 4246 multipliccs—
1424 4165 1524 4228 die
1564 4163 1647 4229 22
1688 4161 2062 4228 decembris.
2103 4163 2294 4229 Vica-

414 4263 618 4325 riatus
661 4260 1015 4340 Apostolici
1048 4280 1079 4318 «
1106 4261 1183 4322 de
1214 4257 1489 4323 Arizona
1522 4281 1549 4318 ι)
1580 4260 1641 4320 in
1685 4257 2057 4324 Foederatis
2099 4259 2292 4322 Ame-

414 4358 585 4424 ricae
631 4353 912 4420 Statilius
940 4355 1175 4418 limites
1206 4356 1570 4418 accuratius
1602 4353 2278 4419 circumscribuntur.»
2319 4348 2446 4424 388
