3292 5275
2421 486 2580 576 873

466 621 627 698 dam
681 621 1311 720 parochialitatem,
1349 625 1656 700 tuendae
1693 647 1972 720 semper
2027 635 2100 703 et
2155 629 2581 720 repetendae

468 751 676 820 erunt
714 764 754 814 a
790 737 1165 834 PrincipiS,
1214 743 1507 838 eiusque
1562 744 1934 822 haeredum
1991 755 2062 820 et
2097 767 2580 828 successorum

469 862 761 951 aerario,
818 863 1027 938 sicuti
1082 863 1460 940 modernus
1516 863 1660 958 ipse
1697 861 2011 942 Monoeci
2079 862 2420 960 Princeps
2459 865 2588 946 Ca·-

468 983 661 1060 tolus
716 979 843 1060 111.
904 1007 1031 1078 pro
1085 981 1204 1072 Se,
1262 979 1571 1078 Suisque
1626 986 1816 1078 apud
1872 981 2587 1068 Summum-Pontifi-

468 1122 621 1180 cem
678 1105 1000 1201 religiosa
1056 1105 1432 1200 sponsione
1490 1106 1910 1180 declaravit.

680 1215 755 1296 7.
813 1219 1131 1320 insuper,
1162 1226 1373 1302 sicuti
1430 1225 1520 1298 ab
1576 1227 1818 1298 eodem
1871 1221 2200 1324 Principe
2253 1248 2586 1320 sponsum

468 1365 750 1442 quoque
832 1355 933 1416 est
962 1393 985 1433 ,
1052 1327 1311 1422 Abbati
1346 1341 1752 1420 -Ordinario
1827 1341 2145 1422 Monoeci
2221 1349 2588 1426 solventur

468 1465 841 1562 quotannis
894 1468 983 1542 ab
1038 1463 1231 1542 Illius
1314 1467 1587 1541 aerario
1665 1487 1809 1542 non
1886 1465 2116 1544 minus
2171 1489 2374 1562 quam
2431 1481 2588 1542 octo

466 1585 684 1664 millia
739 1585 1141 1662 francorum
1218 1585 1503 1678 gallicae
1588 1598 1912 1666 monetae
1995 1587 2463 1686 impertienda
2517 1588 2588 1664 in

470 1707 779 1802 singulos
832 1727 1143 1789 menses,
1179 1719 1251 1784 et
1288 1717 1609 1803 exempta
1667 1728 1708 1779 a
1763 1727 2212 1806 quacumque
2279 1707 2589 1788 diminu-

472 1829 655 1904 tione
714 1841 787 1902 et
842 1827 1281 1919 impositione
1313 1877 1333 1914 ,
1390 1839 1469 1900 ut
1528 1839 1668 1902 tum
1727 1827 2023 1906 decorae
2095 1849 2264 1904 suae
2319 1827 2593 1908 exhibi-

470 1948 677 2028 tioni,
718 1959 863 2026 tum
900 1946 1195 2024 aliorum
1233 1949 1481 2026 saltem
1518 1957 1828 2046 quatuor
1867 1944 2368 2026 Monachorum
2406 1949 2590 2030 eius-

468 2070 629 2146 dem
682 2071 797 2144 sui
844 2065 1127 2146 Ordinis
1184 2070 1688 2146 sustentationi
1744 2069 2278 2162 convenienter,
2337 2091 2594 2170 oppur-

472 2201 783 2284 tuncque
842 2188 1055 2284 posuit
1111 2189 1492 2282 provideri.

682 2301 755 2388 8.
792 2306 1165 2389 Praeterea
1204 2307 1499 2386 Domum
1530 2331 1656 2406 pro
1697 2311 2192 2389 constituendo
2231 2305 2594 2390 monaste-

472 2433 579 2508 rio
659 2433 829 2506 satis
892 2433 1197 2525 amplam
1272 2443 1343 2507 et
1424 2431 1754 2508 decoram
1815 2427 2174 2506 Abbatiali
2229 2425 2592 2510 Ecclesiae

468 2562 807 2647 quantum
860 2551 1013 2627 fieri
1081 2553 1345 2646 poterit
1401 2551 1903 2644 proximiorem
1959 2545 1982 2647 (
2033 2553 2090 2626 si
2153 2552 2356 2630 unita
2413 2551 2599 2628 diffi-

468 2674 693 2751 culter
748 2674 953 2748 modo
1010 2667 1469 2771 reperiatur)
1528 2668 1866 2769 Princeps
1931 2669 2078 2770 ipse
2143 2692 2220 2745 se
2285 2658 2634 2751 donata-¹

468 2816 624 2872 rum
674 2796 1017 2890 promisit,
1072 2795 1269 2870 cuius
1325 2793 1714 2869 donationis
1773 2804 1848 2869 et
1911 2791 2414 2889 acceptationis
2474 2814 2598 2871 ro-

470 2915 605 2989 bur
656 2917 815 2989 heie
867 2912 1221 2988 Sanctitas
1275 2910 1413 2986 Sua
1472 2914 1885 3009 solemniter
1939 2912 2146 2989 iussit
2203 2910 2486 2989 firmari.

504 3008 521 3032 κ
688 3028 758 3113 9.
816 3032 1261 3131 Quapropter
1318 3036 1643 3113 omnibus
1697 3035 2032 3125 expensis
2067 3082 2088 3123 ,
2147 3054 2330 3130 quae
2387 3035 2603 3108 obve-

476 3159 625 3233 nire
682 3168 1067 3251 poterunt,
1124 3158 1279 3231 sive
1346 3178 1471 3250 pro
1528 3153 2042 3251 acquisitione,
2097 3154 2470 3233 donatione
2525 3166 2598 3227 et

474 3278 887 3353 reductione
942 3278 1029 3352 ad
1086 3300 1291 3354 usum
1346 3277 1816 3351 monasticum
1855 3274 2258 3351 huiusmodi
2315 3275 2598 3362 domus;

476 3400 631 3473 sive
688 3400 903 3475 etiam
936 3422 1065 3491 pro
1100 3399 1419 3477 eiusdem
1474 3397 1853 3473 mobilibus
1908 3396 2208 3495 aliisque
2265 3395 2348 3475 ad
2408 3396 2600 3472 vitae

476 3540 677 3593 usum
733 3520 1193 3607 necessariis3
1248 3530 1461 3613 atque
1542 3519 1758 3589 altera
1823 3516 2057 3593 stabili
2133 3515 2600 3597 retributione

474 3636 733 3714 Abbati
792 3661 919 3732 pro
980 3651 1291 3733 tempore
1347 3635 1732 3717 Ordinatio
1800 3638 2180 3735 quotannis
2264 3638 2601 3717 solvenda

476 3762 567 3837 ad
632 3760 963 3834 tuendam
999 3808 1021 3844 ‚
1087 3736 1732 3853 sarciendamque‘‚
1797 3758 1868 3830 in
1939 3768 2294 3849 posterum
2363 3752 2606 3838 Mona-

476 3878 667 3955 sterii
724 3878 1063 3955 fabricam
1118 3875 1467 3974 Principis
1534 3876 1752 3973 ipsius
1789 3926 1812 3961 ,
1863 3878 2158 3975 eiusque
2223 3874 2600 3957 haeredum

477 4014 551 4073 et
587 3996 1097 4079 successorum
1156 4002 1508 4079 aerarium
1542 4020 1922 4081 occurrere
1960 4008 2244 4095 pactum
2285 3996 2610 4078 solemni-

480 4132 587 4197 tel·
642 4132 819 4199 0810.
2407 4152 2416 4159 ·

696 4232 822 4317 10.
884 4236 1079 4329 Quas
1136 4240 1447 4333 singulas
1500 4240 1975 4326 dotationum,
2033 4238 2599 4331 adsignationum
