3292 5275
901 492 1047 573 150

1110 631 1605 712 Veruntamen,
1661 638 1880 707 donec
1938 634 2257 707 Dioecesi
2318 648 2697 729 suppetant
2761 630 3012 707 neces-

892 760 1161 841 sitateS,
1220 752 1640 829 Victoriensi
1697 778 1822 829 seu
1880 752 2381 848 Tamaulipano
2441 758 2512 827 in
2569 758 3008 847 temporibus

892 872 1205 949 Praesuli
1282 898 1371 948 ex
1439 896 1625 949 nunc
1685 875 2164 968 Apostolicam
2231 878 2616 968 elargimur
2673 879 2948 949 veniam
2981 926 3004 959 ,

890 1007 966 1065 ut
1020 998 1171 1088 ipse
1227 996 1410 1067 licite
1466 1000 1684 1091 possit
1721 998 1854 1067 sibi
1896 1016 2264 1068 reservare
2311 1016 2529 1071 unam
2585 1002 3009 1069 tantummoss

888 1116 977 1186 do
1032 1138 1111 1185 ex
1168 1112 1523 1189 Dioecesis
1576 1116 1970 1209 paroeciis,
2031 1127 2111 1187 ut
2167 1138 2252 1187 ea
2321 1138 2444 1209 per
2498 1113 2860 1189 vicarium
2915 1118 3008 1188 ab

890 1237 1041 1327 ipso
1098 1231 1425 1308 Praesuie
1498 1238 1925 1327 eligendum,
1981 1256 2430 1329 congruaque
2501 1237 2826 1329 portione
2883 1256 3004 1308 seu

885 1355 1219 1447 pensione
1275 1359 1860 1430 remunerandum
1889 1406 1911 1441 ,
1969 1360 2504 1430 administretur
2587 1376 2670 1428 eo
2747 1378 3002 1449 nempe

890 1476 1185 1569 provido
1238 1477 1559 1561 consilio,
1602 1490 1684 1551 ut
1719 1478 2088 1551 decimales
2127 1477 2402 1550 reditus
2456 1479 2849 1551 huiusmodi
2893 1498 3006 1549 re-

888 1609 1214 1670 servatae
1270 1600 1640 1690 paroeciae
1695 1610 1957 1692 queant
1994 1620 2078 1673 ac
2113 1600 2416 1670 debeant
2469 1600 2792 1694 prudenti
2849 1600 3004 1673 eius

892 1704 1178 1790 arbitrio
1262 1738 1341 1790 ac
1424 1719 1872 1812 providentia
1927 1722 2202 1811 erogari
2287 1720 2375 1792 ad
2455 1720 2876 1814 reparandas
2913 1716 3004 1792 'et

890 1838 1357 1911 sublevandas
1392 1839 1747 1933 graviores
1785 1840 2092 1912 eiusdem
2131 1836 2490 1914 Dioecesis
2547 1842 3000 1931 indigentias.

889 1955 1213 2031 Attamen
1254 1961 1315 2032 si
1354 1982 1607 2033 revera
1644 1962 2141 2053 comperiatur,
2179 1963 2368 2055 quod
2409 1959 2760 2055 prioribus
2799 1980 3010 2054 prac—

887 2080 1125 2153 sertim
1184 2082 1391 2153 annis
1428 2078 1854 2155 decimarum
1891 2092 2290 2173 proventus
2325 2102 2466 2153 non
2515 2082 2804 2154 valeant
2861 2078 3008 2174 pla-

886 2222 973 2273 ne
1031 2199 1346 2273 sufficere
1400 2203 1487 2274 ad
1545 2202 2044 2274 simultaneam
2091 2213 2161 2273 et
2209 2196 3008 2295 congruam'ipsiusmet

882 2316 1240 2414 Episcopi,
1296 2324 1593 2416 eiusque
1652 2322 1868 2394 totius
1915 2318 2252 2414 Capituli,
2293 2344 2378 2393 ac
2429 2316 2652 2393 etiam'
2703 2314 3006 2395 aliarum

883 2462 1363 2517 connexarum
1419 2442 1942 2515 institutionum
2009 2436 2656 2516 ecclesiasticarum
2683 2438 2690 2447 '
2719 2454 3008 2516 susten-

882 2564 1266 2650 tationem,
1322 2574 1491 2637 tunc
1548 2558 1841 2635 Praesul
1899 2566 2102 2658 ipse,
2159 2555 2410 2635 Nostra
2467 2561 2604 2633 iam
2685 2584 2778 2637 ex
2837 2574 3004 2635 tunc

884 2685 1262 2758 accedente
1301 2685 1757 2766 auctoritate,
1799 2686 2022 2777 possit
2065 2683 2430 2779 valeatque
2469 2679 2792 2778 prudenti
2849 2688 3004 2758 eius

882 2804 1138 2878 iudicio
1194 2807 1275 2876 ad
1330 2806 1613 2878 libitum
1671 2806 2098 2897 suspendere
2163 2806 2324 2876 sive
2379 2801 2687 2897 Capituli
2741 2802 3004 2879 Cathe-

880 2924 1095 2997 dralis
1148 2927 1295 2998 sive
1352 2927 1654 3000 aliarum
1706 2926 2115 3019 quatumvis
2168 2945 2658 2998 connexarum·
2711 2929 3002 3001 institu-

880 3047 1153 3118 tionum
1206 3046 1603 3119 effectivam
1687 3045 2197 3130 fundationem,
2257 3066 2478 3140 usque
2556 3047 2726 3121 dum
2783 3051 3002 3122 tuerit

881 3167 1349 3261 exploratum,
1390 3168 1579 3260 quod
1618 3167 1994 3240 decimales
2034 3168 2378 3239 eiusmodi
2417 3179 2804 3260 proventus
2853 3169 3000 3241 iam

879 3289 955 3361 in
1010 3311 1092 3362 eo
1146 3289 1339 3372 sint,
1400 3281 1475 3361 ut
1529 3288 1696 3359 dein
1753 3307 2104 3381 congruas
2161 3287 2360 3360 dotes
2415 3289 2680 3378 iugiter
2731 3309 3002 3382 suppe-

879 3407 1107 3509 ditare
1166 3409 1423 3501 possint
1475 3409 1625 3480 sive
1682 3407 1770 3480 ad
1829 3408 2227 3481 huiusmodi
2285 3406 2645 3500 Capituli,
2705 3410 2854 3482 sive
2911 3411 3000 3482 ad

880 3541 1279 3602 ceterorum
1334 3529 1668 3612 omnium,
1707 3539 1830 3602 aut
1886 3529 1976 3600 ad
2031 3530 2444 3603 alterutrius
2504 3549 2594 3600 ex
2651 3529 3002 3621 praescri-

880 3649 1019 3742 ptis
1074 3647 1637 3721 institutionibus
1721 3648 2212 3722 ecclesiasticis
2275 3649 2816 3722 convenientem
2881 3671 3002 3721 su-

880 3771 1403 3841 stentationem.
1469 3764 1787 3842 Durante
1845 3780 2084 3841 tamen
2123 3769 2536 3842 'huiusmodi
2595 3773 3006 3863 suspensio-

880 3890 988 3961 nis
1016 3901 1327 3981 tcmpore
1368 3889 1549 3962 idem
1572 3885 1860 3963 Praesul
1889 3889 2024 3960 sibi
2057 3873 2334 3981 arroget
2363 3891 2652 3985 quidem
2687 3904 3002 3986 quotan-

880 4011 989 4082 nis
1019 4031 1142 4102 pro
1169 4031 1403 4083 mensa
1422 4009 1818 4104 ‘episcopali
1859 4021 2022 4083 octo
2063 3999 2559 4084 tantummodo
2583 4012 2804 4084 millia
2843 4030 3000 4084 scu-

878 4138 1027 4199 tata
1083 4123 1477 4202 Mexicana.
1538 4125 1900 4222 Quidquid
1959 4150 2132 4202 vero
2187 4131 2532 4222 supererit
2584 4153 2664 4202 ex
2719 4121 3002 4205 earum-

878 4247 1039 4319 dem
1120 4248 1547 4320 decimarum
1622 4251 1908 4322 cumulo
1977 4249 2146 4322 iliud
2215 4251 2288 4320 in
2351 4249 2696 4342 peculiari
2744 4243 2998 4325 'massa'

879 4369 1179 4442 retinere
1234 4371 1933 4454 omnino-teneatur,
1995 4370 2218 4442 donec
2273 4373 2344 4441 in
2411 4365 2751 4465 prom'ptu'
2825 4375 2998 4447 iude
