3292 5275
2274 510 2418 593 361

943 674 1023 723 oa
1068 671 1339 721 nummu!
1382 674 1782 723 exrausrous

732 806 815 855 ao
868 806 1225 869 uuivssasun
1282 807 1686 857 carnotinum
1743 790 1990 857 ananau

957 940 1294 991 ·1·:PlST01.A
1354 942 1729 992 sacreum.

1005 1608 1221 1704 LEO
1285 1608 1451 1703 1³1³.
1526 1608 1721 1703 ΧΠ.

996 1896 1425 1949 *leucanthes
1462 1898 1750 1949 sanans

621 2140 907 2192 summu
959 2142 1041 2191 ΒΤ
1094 2140 1525 2223 ΑΡΟΒΤΟΜΩΔΙ-
1574 2141 2106 2193 nssussmcrlonn.

306 2498 683 2668 Caritate
736 2586 993 2666 Christi
1046 2602 1341 2685 urgente
1397 2585 1567 2673 Nos,
1631 2599 1710 2664 ut
1765 2588 2034 2670 fructus
2091 2592 2432 2688 passionis

300 2709 477 2786 Eius
533 2716 605 2787 in
660 2734 937 2799 omnes,
994 2725 1331 2807 quantum
1384 2715 1730 2786 divinitus
1789 2735 2120 2790 concessa
2187 2711 2430 2803 Nobis,

298 2834 461 2908 licet
534 2835 867 2926 indignis,
924 2845 1275 2928 potestate
1357 2843 1758 2927 possumus,
1821 2836 2246 2910 derivandos
2301 2860 2434 2912 cu-

302 2977 583 3043 remus3
637 2954 1025 3047 insignibus
1106 2955 1293 3041 fidei,
1349 2957 1666 3048 pietatis,
1723 2957 2090 3050 omnisque
2155 2957 2430 3030 virtutis

300 3077 647 3170 exemplis
701 3089 849 3149 tum
903 3077 1293 3149 incolarum
1348 3075 1556 3148 huius
1614 3077 1842 3160 urbis,
1901 3087 2050 3151 tum
2113 3077 2430 3152 advena-

309 3219 493 3282 rum,
550 3195 669 3290 qui
726 3196 1275 3290 frequentissimi
1358 3218 1483 3290 pro
1548 3196 1956 3269 nonditione
2039 3208 2434 3290 temporum

306 3315 449 3393 hue
506 3315 921 3392 universalis
976 3313 1273 3391 lubilaei
1314 3337 1525 3391 eausa
1570 3325 2075 3401 convenerunt,
2114 3339 2430 3411 magnam

306 3439 385 3510 in
440 3459 637 3531 spem
688 3439 904 3510 erecti
962 3439 1139 3522 fore,
1196 3450 1275 3510 ut
1331 3438 1593 3536 ubique
1649 3438 1886 3512 studia
1937 3438 2180 3510 eadem
2234 3434 2434 3512 Fide-

298 3558 469 3630 lium
506 3559 594 3632 ad
642 3558 1023 3632 utilitatem
1078 3561 1475 3634 animarum
1514 3578 1832 3645 suarum,
1873 3560 1960 3632 ad
1997 3555 2128 3632 Dei
2165 3569 2241 3632 et
2279 3561 2428 3634 eius

298 3675 657 3754 Ecclesiae
712 3682 1003 3772 gloriam
1056 3681 1450 3756 excitentur
1469 3703 1495 3770 ;
1550 3683 1739 3754 votis
1795 3682 1960 3756 item
2012 3681 2270 3754 vestris
2306 3681 2432 3754 ob-

298 3801 797 3884 secundantes,
849 3796 1303 3875 venerabiles
1359 3798 1676 3885 Fratres,
1713 3813 1787 3875 et
1839 3798 2240 3896 Principum
2293 3800 2432 3875 Ca-

302 3923 745 4016 tholieorum,
800 3923 1053 4018 quibus
1107 3945 1280 3996 vera
1352 3921 1650 3998 felicitas
1705 3924 1894 3998 cordi
1947 3933 2060 3994 est
2121 3921 2432 4014 gentium

298 4043 431 4117 sihi
488 4046 957 4131 subditarum,
1012 4045 1609 4142 quemadmodum
1665 4067 1708 4118 a
1763 4046 1882 4117 fel.
1923 4066 2064 4116 rec.
2126 4040 2434 4118 Praede-

301 4167 699 4240 cessoribus
742 4161 1026 4250 Nostris
1082 4161 1463 4240 Benedicto
1514 4160 1674 4238 XIV
1727 4177 1822 4240 et.
1851 4159 1974 4239 Pio
2023 4159 2114 4236 Vl
2166 4166 2433 4239 factum

301 4296 441 4372 est,
498 4283 859 4383 Ecclesiae
916 4287 1303 4374 thesauros,
1345 4289 1449 4381 uti
1508 4283 1771 4361 Romae
1817 4287 2056 4383 elapso
2091 4305 2276 4358 anno
2314 4307 2434 4358 sa-

305 4431 455 4500 ατο,
504 4409 607 4484 ita
642 4411 715 4482 in
769 4407 1123 4486 universis
1160 4408 1347 4486 (ιι-Ιώ
1388 4421 1619 4488 terrae
1667 4409 2064 4507 regionibus
2109 4409 2438 4505 aperien-
