3292 5275
891 498 1048 582 tat

887 644 1194 716 divinam
1249 649 1322 713 et
1377 639 1795 712 catholicam
1860 648 2201 722 servant,
2260 638 2381 711 sed
2448 636 2839 711 humanam
2896 660 3031 713 co-

883 774 1150 841 namur
1203 756 1571 833 ecclesiam
1643 758 1881 857 facere
1938 750 2097 861 (1);
2154 780 2331 852 quae
2388 770 2629 853 utpote
2684 760 3029 831 humanis

885 896 1164 957 tantum
1237 882 1751 953 nationalitatis
1832 883 1941 954 uti
2024 880 2225 953 aiunt
2278 880 2580 952 vinculis
2634 880 2967 973 colligata
3002 926 3029 961 ‚

881 1027 1116 1101 neque
1175 998 1616 1075 sacerdotum
1655 1001 2029 1074 cathedrae
2066 996 2148 1071 B.
2186 998 2381 1073 Petri
2422 1000 2719 1073 firmiter
2760 1000 3035 1073 adhae-

885 1127 1194 1201 rentium
1247 1124 1521 1216 glutino
1573 1125 2057 1217 copularetur,
2112 1142 2344 1215 neque
2402 1121 2473 1191 in
2523 1123 2843 1196 eiusdem
2898 1144 3031 1194 so—

885 1248 1219 1320 lidaretur
1273 1244 1653 1327 firmitate,
1712 1264 1943 1335 neque
1998 1252 2189 1315 esset
2244 1244 2439 1315 iuxta
2494 1254 3030 1333 connexam-et

887 1368 1150 1460 ubique
1205 1364 1655 1438 coniunctam
1706 1358 2066 1435 Ecclesiae
2120 1364 2505 1436 catholicae
2572 1364 2955 1435 unitatem.

993 1479 1119 1560 50.
1175 1482 1362 1557 Haec
1419 1486 1657 1557 omnia
1712 1479 1891 1557 Ven.
1944 1480 2231 1557 Fratres
2286 1504 2371 1556 ac
2424 1484 2667 1556 dilecti
2698 1480 2887 1570 Filii,
2940 1486 3029 1557 in

887 1608 1241 1704 praesenti
1281 1627 1516 1679 rerum
1552 1606 1959 1677 discrimine
2006 1604 2205 1678 vobis
2242 1603 2609 1676 scribenda
2654 1606 3023 1690 duximuS‚

889 1732 1006 1826 qui
1061 1730 1512 1823 coaequalem
1567 1729 1803 1801 sortiti
1860 1728 2031 1799 estis
2083 1722 2461 1799 Nobiscum
2516 1726 2721 1800 fidem
2776 1730 2857 1798 in
2910 1726 3031 1801 iu·-

891 1853 1084 1925 stitia
1139 1847 1272 1923 Dei
1328 1862 1400 1922 et
1457 1844 1847 1921 Salvatoris
1906 1850 2125 1919 nostri
2186 1846 2341 1923 lesu
2400 1847 2693 1933 Christi,
2752 1861 2834 1921 ut
2888 1870 3029 1922 ve-

889 1988 1104 2047 stram
1140 1975 1608 2045 excitaremus
1645 1971 1723 2041 in
1758 1970 2240 2044 commissione
2281 1972 2623 2043 sinceram
2676 1982 3023 2042 mentem.

889 2090 1160 2168 Videtis
1216 2094 1399 2165 enim
1477 2091 1665 2184 apud
1742 2111 1872 2165 vos
1936 2092 2149 2163 etiam
2216 2092 2485 2185 impleri
2542 2092 2731 2183 quod
2786 2094 3027 2163 sancti

891 2210 1024 2289 Dei
1077 2213 1397 2307 Apostoli
1453 2213 1725 2284 dudum
1783 2212 2306 2305 praedixerant,
2350 2226 2689 2285 venturos
2745 2208 3031 2285 scilieet

887 2338 968 2408 in
1025 2334 1420 2408 novissimis
1497 2334 1741 2404 diebus
1814 2332 1887 2402 in
1952 2334 2367 2425 deceptione
2440 2336 2765 2407 illusores
2820 2334 3027 2407 iuxta

893 2458 1216 2550 proprias
1299 2454 1911 2547 concupiscentias
1994 2454 2449 2526 ambulantes.
2506 2450 2803 2527 Studetc
2886 2456 3029 2547 igi-

893 2588 1035 2664 tur,
1097 2598 1183 2650 ne
1238 2574 1757 2649 transferamini
1798 2576 1889 2647 ab
1926 2594 2011 2647 eo
2050 2576 2335 2669 quivos
2392 2577 2679 2651 vocavit
2734 2576 2799 2647 in
2860 2596 3029 2666 gra-

893 2701 1067 2772 tiam
1121 2695 1384 2772 Christi
1465 2699 1542 2769 in
1621 2697 1815 2768 aliud
1892 2697 2337 2790 evangelium
2368 2717 2394 2785 3
2450 2699 2633 2792 quod
2706 2721 2853 2770 non
2908 2713 3025 2772 est

895 2822 1082 2895 aliud
1137 2821 1275 2892 nisi
1333 2831 1496 2892 sunt
1533 2818 1753 2912 aliqui
1794 2820 1915 2912 qui
1954 2841 2085 2891 vos
2128 2822 2574 2905 conturbant,
2632 2834 2701 2893 et
2758 2822 3027 2895 volunt

893 2949 1314 3018 convertere
1387 2941 1829 3030 evangelium
1880 2933 2171 3012 Christi.
2232 2937 2411 3014 Vere
2466 2942 2654 3013 enim
2706 2963 3027 3036 evange·-

895 3066 1065 3138 lium
1121 3060 1386 3135 Christi
1443 3073 1848 3133 convertere
1904 3062 2185 3146 volunt,
2237 3064 2360 3155 qui
2418 3065 2723 3157 positum
2776 3063 2871 3134 ab
2906 3083 3029 3136 eo-

893 3189 1054 3259 dem
1107 3181 1384 3257 Christo
1439 3179 1590 3254 Deo
1627 3179 1985 3256 Ecclesiae
2042 3200 2209 3255 suae
2264 3186 2798 3257 fundamentum
2858 3185 3031 3258 sub-

895 3326 1190 3383 movere
1244 3315 1636 3392 conantum
1694 3316 1765 3373 et
1824 3302 2291 3378 universalem
2364 3327 2601 3379 curam
2686 3309 3025 3398 pascendi

897 3449 1071 3501 oves
1145 3435 1218 3496 et
1292 3445 1506 3518 agnos
1567 3421 1652 3496 B.
1722 3419 1934 3497 Petro
2010 3427 2086 3495 in
2140 3429 2509 3518 evangelio
2574 3428 3029 3500 commissam

897 3547 1014 3622 vel
1069 3557 1326 3639 negant
1380 3544 1495 3620 vel
1549 3557 1926 3618 evacuant.
1987 3541 2332 3640 Equidem
2380 3569 2414 3617 <t
2448 3547 2601 3620 fieri
2656 3547 2831 3620 haee
2890 3545 3029 3622 Do·

904 3693 942 3742 n
1004 3667 1240 3741 minus
1297 3666 1637 3760 permittit
1692 3681 1765 3740 et
1830 3667 2091 3763 patitur
2130 3661 2263 3768 (2),
2321 3681 2645 3742 manente
2698 3669 3027 3764 propriae

905 3813 940 3860 n
1003 3789 1351 3864 libertatis
1405 3789 1725 3875 arbitrio,
1784 3799 1865 3862 ut
1916 3791 2081 3862 dum
2136 3791 2343 3862 corda
2400 3803 2643 3865 vestra
2694 3802 2767 3861 et
2822 3809 3033 3864 men-

901 3934 940 3984 »
1003 3921 1112 3984 tes
1169 3920 1442 3984 vestras
1495 3911 1823 3984 veritatis
1880 3909 2254 3982 discrimen
2308 3913 2715 3998 examinat,
2774 3915 3033 4007 proba-

903 4055 940 4102 »
1007 4044 1240 4105 torum
1301 4029 1473 4103 fides
1527 4031 1801 4123 integra
1874 4031 2245 4104 manifesta
2320 4034 2481 4107 luce
2554 4033 2926 4108 clarescat.
2984 4059 3023 4104 s

898 4147 1040 4227 Eos
1099 4163 1336 4226 tamen
1391 4155 1470 4225 in
1521 4155 1719 4247 peius
1776 4153 2089 4247 quotidie
2146 4153 2589 4247 proficientes
2634 4175 2767 4230 vos
2826 4157 3031 4234 devi-

1060 4303 1142 4388 (1)
1187 4303 1252 4370 S.
1301 4303 1602 4388 Cyprian.
1647 4307 1834 4391 epist.
1880 4307 1959 4370 ad
2002 4303 2347 4373 Antonian.
2390 4327 2456 4371 n.
2501 4305 2600 4374 24.

1059 4397 1142 4490 (2)
1186 4397 1251 4467 S.
1297 4397 1599 4487 cyprian.
1645 4401 1786 4470 Lib.
1830 4401 1910 4468 de
1952 4397 2124 4472 Unit.
2170 4399 2423 4472 Eccles.
2464 4419 2529 4470 n.
2574 4397 2675 4474 10.
