<?xml version="1.0" encoding="UTF-8"?>
<!DOCTYPE html PUBLIC "-//W3C//DTD XHTML 1.0 Transitional//EN"
    "http://www.w3.org/TR/xhtml1/DTD/xhtml1-transitional.dtd">
<html xmlns="http://www.w3.org/1999/xhtml" xml:lang="en" lang="en">
 <head>
  <title>
</title>
<meta http-equiv="Content-Type" content="text/html;charset=utf-8" />
  <meta name='ocr-system' content='tesseract 3.04.00' />
  <meta name='ocr-capabilities' content='ocr_page ocr_carea ocr_par ocr_line ocrx_word'/>
</head>
<body>
  <div class='ocr_page' id='page_1' title='image "./piiixpontificis01ixgoog_0387.png"; bbox 0 0 3292 5275; ppageno 0'>
   <div class='ocr_carea' id='block_1_1' title="bbox 2310 461 2456 542">
    <p class='ocr_par' dir='ltr' id='par_1_1' title="bbox 2310 461 2456 542">
     <span class='ocr_line' id='line_1_1' title="bbox 2310 461 2456 542; baseline 0 0"><span class='ocrx_word' id='word_1_1' title='bbox 2310 461 2456 542; x_wconf 85' lang='grc'><strong>391</strong></span> 
     </span>
    </p>
   </div>
   <div class='ocr_carea' id='block_1_2' title="bbox 350 595 2476 1880">
    <p class='ocr_par' dir='ltr' id='par_1_2' title="bbox 350 595 2476 1880">
     <span class='ocr_line' id='line_1_2' title="bbox 350 595 2310 684; baseline -0.002 -18"><span class='ocrx_word' id='word_1_2' title='bbox 350 601 635 684; x_wconf 76' lang='lat' dir='ltr'><strong>Epistola</strong></span> <span class='ocrx_word' id='word_1_3' title='bbox 682 599 1023 682; x_wconf 85' lang='lat' dir='ltr'><strong>Encyclica</strong></span> <span class='ocrx_word' id='word_1_4' title='bbox 1050 633 1080 646; x_wconf 87' lang='lat'><em>-</em></span> <span class='ocrx_word' id='word_1_5' title='bbox 1114 597 1331 680; x_wconf 82' lang='lat' dir='ltr'><strong><em>Saepe,</em></strong></span> <span class='ocrx_word' id='word_1_6' title='bbox 1376 597 1758 661; x_wconf 78' lang='lat' dir='ltr'><strong>Venerabilcs</strong></span> <span class='ocrx_word' id='word_1_7' title='bbox 1791 595 2098 660; x_wconf 84' lang='lat' dir='ltr'><strong>Fratres·</strong></span> <span class='ocrx_word' id='word_1_8' title='bbox 2127 597 2228 660; x_wconf 90' lang='lat' dir='ltr'><strong>die</strong></span> <span class='ocrx_word' id='word_1_9' title='bbox 2271 597 2310 662; x_wconf 86' lang='lat'>5</span> 
     </span>
     <span class='ocr_line' id='line_1_3' title="bbox 424 688 2312 776; baseline -0.003 -18"><span class='ocrx_word' id='word_1_10' title='bbox 424 695 701 776; x_wconf 86' lang='lat' dir='ltr'><strong>augusti.</strong></span> <span class='ocrx_word' id='word_1_11' title='bbox 726 692 1219 757; x_wconf 71' lang='lat' dir='ltr'><strong>venerabilibus</strong></span> <span class='ocrx_word' id='word_1_12' title='bbox 1242 689 1575 754; x_wconf 86' lang='lat' dir='ltr'><strong>Fratribus</strong></span> <span class='ocrx_word' id='word_1_13' title='bbox 1596 689 2015 767; x_wconf 86' lang='lat' dir='ltr'><strong>Patriarchis,</strong></span> <span class='ocrx_word' id='word_1_14' title='bbox 2042 688 2312 754; x_wconf 89' lang='lat' dir='ltr'><strong>Archie-</strong></span> 
     </span>
     <span class='ocr_line' id='line_1_4' title="bbox 424 782 2311 869; baseline -0.002 -19"><span class='ocrx_word' id='word_1_15' title='bbox 424 789 724 869; x_wconf 88' lang='lat' dir='ltr'><strong>piscopis,</strong></span> <span class='ocrx_word' id='word_1_16' title='bbox 770 784 1126 869; x_wconf 87' lang='lat' dir='ltr'><strong>Episcopis,</strong></span> <span class='ocrx_word' id='word_1_17' title='bbox 1169 793 1235 848; x_wconf 93' lang='lat' dir='ltr'><strong>et</strong></span> <span class='ocrx_word' id='word_1_18' title='bbox 1260 785 1558 847; x_wconf 88' lang='lat' dir='ltr'><strong>locorum</strong></span> <span class='ocrx_word' id='word_1_19' title='bbox 1599 782 1963 847; x_wconf 86' lang='lat' dir='ltr'><strong>Ordiuariis</strong></span> <span class='ocrx_word' id='word_1_20' title='bbox 1993 784 2311 847; x_wconf 84' lang='lat' dir='ltr'><strong>universis</strong></span> 
     </span>
     <span class='ocr_line' id='line_1_5' title="bbox 424 877 2308 960; baseline -0.001 -18"><span class='ocrx_word' id='word_1_21' title='bbox 424 882 726 944; x_wconf 74' lang='lat' dir='ltr'><strong>catholici</strong></span> <span class='ocrx_word' id='word_1_22' title='bbox 768 881 941 944; x_wconf 86' lang='lat' dir='ltr'><strong>orbis</strong></span> <span class='ocrx_word' id='word_1_23' title='bbox 990 880 1261 960; x_wconf 83' lang='lat' dir='ltr'><strong>gratiam</strong></span> <span class='ocrx_word' id='word_1_24' title='bbox 1290 887 1357 941; x_wconf 86' lang='lat' dir='ltr'><strong>et</strong></span> <span class='ocrx_word' id='word_1_25' title='bbox 1384 879 1899 941; x_wconf 79' lang='lat' dir='ltr'><strong>communionem</strong></span> <span class='ocrx_word' id='word_1_26' title='bbox 1944 894 2092 940; x_wconf 87' lang='lat' dir='ltr'><strong>cum</strong></span> <span class='ocrx_word' id='word_1_27' title='bbox 2131 877 2308 959; x_wconf 83' lang='lat' dir='ltr'><strong>Apo-</strong></span> 
     </span>
     <span class='ocr_line' id='line_1_6' title="bbox 422 969 2316 1039; baseline -0.002 0"><span class='ocrx_word' id='word_1_28' title='bbox 422 977 651 1039; x_wconf 89' lang='lat' dir='ltr'><strong>stolica</strong></span> <span class='ocrx_word' id='word_1_29' title='bbox 695 973 855 1038; x_wconf 88' lang='lat' dir='ltr'><strong>Sede</strong></span> <span class='ocrx_word' id='word_1_30' title='bbox 918 973 1319 1036; x_wconf 88' lang='lat' dir='ltr'><strong>habentibus.</strong></span> <span class='ocrx_word' id='word_1_31' title='bbox 1386 969 1660 1037; x_wconf 84' lang='lat' dir='ltr'><strong>Gratum</strong></span> <span class='ocrx_word' id='word_1_32' title='bbox 1712 972 1996 1034; x_wconf 88' lang='lat' dir='ltr'><strong>animum</strong></span> <span class='ocrx_word' id='word_1_33' title='bbox 2053 971 2316 1036; x_wconf 81' lang='lat' dir='ltr'><strong>exhibet</strong></span> 
     </span>
     <span class='ocr_line' id='line_1_7' title="bbox 426 1065 2310 1146; baseline -0.002 -14"><span class='ocrx_word' id='word_1_34' title='bbox 426 1079 563 1132; x_wconf 90' lang='lat' dir='ltr'><strong>tum</strong></span> <span class='ocrx_word' id='word_1_35' title='bbox 624 1066 999 1130; x_wconf 84' lang='lat' dir='ltr'><strong>Pastoribus</strong></span> <span class='ocrx_word' id='word_1_36' title='bbox 1046 1072 1181 1129; x_wconf 88' lang='lat' dir='ltr'><strong>tum</strong></span> <span class='ocrx_word' id='word_1_37' title='bbox 1229 1065 1523 1128; x_wconf 83' lang='lat' dir='ltr'><strong>fidelibus</strong></span> <span class='ocrx_word' id='word_1_38' title='bbox 1572 1066 1656 1127; x_wconf 92' lang='lat' dir='ltr'><strong>ob</strong></span> <span class='ocrx_word' id='word_1_39' title='bbox 1699 1065 1980 1128; x_wconf 80' lang='lat' dir='ltr'><strong>illustria</strong></span> <span class='ocrx_word' id='word_1_40' title='bbox 2037 1083 2192 1146; x_wconf 87' lang='lat' dir='ltr'><strong>erga</strong></span> <span class='ocrx_word' id='word_1_41' title='bbox 2241 1083 2310 1130; x_wconf 93' lang='lat' dir='ltr'><strong>se</strong></span> 
     </span>
     <span class='ocr_line' id='line_1_8' title="bbox 426 1158 2304 1242; baseline -0.001 -18"><span class='ocrx_word' id='word_1_42' title='bbox 426 1166 801 1242; x_wconf 88' lang='lat' dir='ltr'><strong>argumenta</strong></span> <span class='ocrx_word' id='word_1_43' title='bbox 851 1160 1205 1224; x_wconf 85' lang='lat' dir='ltr'><strong>devotionis</strong></span> <span class='ocrx_word' id='word_1_44' title='bbox 1246 1166 1313 1220; x_wconf 90' lang='lat' dir='ltr'><strong>et</strong></span> <span class='ocrx_word' id='word_1_45' title='bbox 1352 1158 1716 1221; x_wconf 82' lang='lat' dir='ltr'><strong>dilectionis</strong></span> <span class='ocrx_word' id='word_1_46' title='bbox 1765 1159 2124 1237; x_wconf 83' lang='lat' dir='ltr'><strong>occasione,</strong></span> <span class='ocrx_word' id='word_1_47' title='bbox 2175 1177 2304 1240; x_wconf 90' lang='lat' dir='ltr'><strong>qua</strong></span> 
     </span>
     <span class='ocr_line' id='line_1_9' title="bbox 427 1250 2310 1336; baseline 0 -20"><span class='ocrx_word' id='word_1_48' title='bbox 427 1257 561 1336; x_wconf 90' lang='lat' dir='ltr'><strong>ipse</strong></span> <span class='ocrx_word' id='word_1_49' title='bbox 602 1251 977 1317; x_wconf 80' lang='lat' dir='ltr'><strong>vicesimum</strong></span> <span class='ocrx_word' id='word_1_50' title='bbox 1018 1261 1276 1316; x_wconf 80' lang='lat' dir='ltr'><strong>sextum</strong></span> <span class='ocrx_word' id='word_1_51' title='bbox 1320 1269 1359 1314; x_wconf 89' lang='lat' dir='ltr'><strong>a</strong></span> <span class='ocrx_word' id='word_1_52' title='bbox 1400 1269 1651 1314; x_wconf 90' lang='lat' dir='ltr'><strong>summo</strong></span> <span class='ocrx_word' id='word_1_53' title='bbox 1694 1257 1996 1330; x_wconf 87' lang='lat' dir='ltr'><strong>suscepto</strong></span> <span class='ocrx_word' id='word_1_54' title='bbox 2045 1250 2310 1316; x_wconf 47' lang='lat' dir='ltr'><strong>Pontia*</strong></span> 
     </span>
     <span class='ocr_line' id='line_1_10' title="bbox 428 1343 2304 1426; baseline -0.001 -15"><span class='ocrx_word' id='word_1_55' title='bbox 428 1357 581 1411; x_wconf 89' lang='lat' dir='ltr'><strong>catu</strong></span> <span class='ocrx_word' id='word_1_56' title='bbox 621 1365 861 1410; x_wconf 88' lang='lat' dir='ltr'><strong>annum</strong></span> <span class='ocrx_word' id='word_1_57' title='bbox 904 1347 1135 1426; x_wconf 89' lang='lat' dir='ltr'><strong>attigit.</strong></span> <span class='ocrx_word' id='word_1_58' title='bbox 1172 1343 1273 1408; x_wconf 80' lang='lat' dir='ltr'><strong>Ex</strong></span> <span class='ocrx_word' id='word_1_59' title='bbox 1294 1347 1457 1408; x_wconf 88' lang='lat' dir='ltr'><strong>miro</strong></span> <span class='ocrx_word' id='word_1_60' title='bbox 1484 1345 1860 1425; x_wconf 87' lang='lat' dir='ltr'><strong>spectaculo</strong></span> <span class='ocrx_word' id='word_1_61' title='bbox 1907 1346 2166 1408; x_wconf 87' lang='lat' dir='ltr'><strong>unitatis</strong></span> <span class='ocrx_word' id='word_1_62' title='bbox 2195 1363 2304 1410; x_wconf 87' lang='lat' dir='ltr'><strong>ca-</strong></span> 
     </span>
     <span class='ocr_line' id='line_1_11' title="bbox 428 1438 2304 1522; baseline -0.001 -17"><span class='ocrx_word' id='word_1_63' title='bbox 428 1442 707 1506; x_wconf 88' lang='lat' dir='ltr'><strong>tholicae</strong></span> <span class='ocrx_word' id='word_1_64' title='bbox 769 1438 889 1504; x_wconf 88' lang='lat' dir='ltr'><strong>Dei</strong></span> <span class='ocrx_word' id='word_1_65' title='bbox 950 1440 1180 1522; x_wconf 87' lang='lat' dir='ltr'><strong>spiritu</strong></span> <span class='ocrx_word' id='word_1_66' title='bbox 1248 1440 1626 1501; x_wconf 76' lang='lat' dir='ltr'><strong>informatae</strong></span> <span class='ocrx_word' id='word_1_67' title='bbox 1690 1439 1982 1505; x_wconf 87' lang='lat' dir='ltr'><strong>edisserit</strong></span> <span class='ocrx_word' id='word_1_68' title='bbox 2053 1446 2304 1504; x_wconf 87' lang='lat' dir='ltr'><strong>certum</strong></span> 
     </span>
     <span class='ocr_line' id='line_1_12' title="bbox 430 1531 2310 1614; baseline -0.001 -16"><span class='ocrx_word' id='word_1_69' title='bbox 430 1535 829 1614; x_wconf 89' lang='lat' dir='ltr'><strong>triumphum</strong></span> <span class='ocrx_word' id='word_1_70' title='bbox 870 1551 1009 1597; x_wconf 88' lang='lat' dir='ltr'><strong>esse</strong></span> <span class='ocrx_word' id='word_1_71' title='bbox 1051 1533 1463 1614; x_wconf 69' lang='lat' dir='ltr'><strong>sperandumj</strong></span> <span class='ocrx_word' id='word_1_72' title='bbox 1508 1533 1702 1611; x_wconf 91' lang='lat' dir='ltr'><strong>idque</strong></span> <span class='ocrx_word' id='word_1_73' title='bbox 1743 1531 1996 1596; x_wconf 87' lang='lat' dir='ltr'><strong>divinae</strong></span> <span class='ocrx_word' id='word_1_74' title='bbox 2037 1532 2310 1597; x_wconf 89' lang='lat' dir='ltr'><strong>bonitati</strong></span> 
     </span>
     <span class='ocr_line' id='line_1_13' title="bbox 430 1625 2316 1708; baseline -0.001 -16"><span class='ocrx_word' id='word_1_75' title='bbox 430 1627 861 1693; x_wconf 78' lang='lat' dir='ltr'><strong>tribuendum.</strong></span> <span class='ocrx_word' id='word_1_76' title='bbox 910 1625 1197 1708; x_wconf 81' lang='lat' dir='ltr'><strong>Exoptat</strong></span> <span class='ocrx_word' id='word_1_77' title='bbox 1236 1633 1311 1690; x_wconf 87' lang='lat' dir='ltr'><strong>ut</strong></span> <span class='ocrx_word' id='word_1_78' title='bbox 1354 1625 1668 1688; x_wconf 83' lang='lat' dir='ltr'><strong>Dominus</strong></span> <span class='ocrx_word' id='word_1_79' title='bbox 1709 1626 2155 1690; x_wconf 89' lang='lat' dir='ltr'><strong>communibus</strong></span> <span class='ocrx_word' id='word_1_80' title='bbox 2198 1627 2316 1690; x_wconf 90' lang='lat' dir='ltr'><strong>bo-</strong></span> 
     </span>
     <span class='ocr_line' id='line_1_14' title="bbox 434 1716 2309 1799; baseline -0.002 -14"><span class='ocrx_word' id='word_1_81' title='bbox 434 1740 664 1785; x_wconf 90' lang='lat' dir='ltr'><strong>norum</strong></span> <span class='ocrx_word' id='word_1_82' title='bbox 708 1723 991 1784; x_wconf 88' lang='lat' dir='ltr'><strong>omnium</strong></span> <span class='ocrx_word' id='word_1_83' title='bbox 1034 1719 1426 1784; x_wconf 81' lang='lat' dir='ltr'><strong>obsecundet</strong></span> <span class='ocrx_word' id='word_1_84' title='bbox 1468 1721 1632 1783; x_wconf 85' lang='lat' dir='ltr'><strong>votis</strong></span> <span class='ocrx_word' id='word_1_85' title='bbox 1677 1736 1796 1799; x_wconf 89' lang='lat' dir='ltr'><strong>pro</strong></span> <span class='ocrx_word' id='word_1_86' title='bbox 1840 1716 2172 1782; x_wconf 84' lang='lat' dir='ltr'><strong>Ecclesiae</strong></span> <span class='ocrx_word' id='word_1_87' title='bbox 2215 1722 2309 1783; x_wconf 84' lang='lat' dir='ltr'><strong>vi-</strong></span> 
     </span>
     <span class='ocr_line' id='line_1_15' title="bbox 433 1811 2476 1880; baseline 0.002 -4"><span class='ocrx_word' id='word_1_88' title='bbox 433 1817 635 1879; x_wconf 89' lang='lat' dir='ltr'><strong>ctoria</strong></span> <span class='ocrx_word' id='word_1_89' title='bbox 664 1814 905 1878; x_wconf 76' lang='lat' dir='ltr'><strong>effusis.</strong></span> <span class='ocrx_word' id='word_1_90' title='bbox 936 1811 1371 1878; x_wconf 75' lang='lat' dir='ltr'><strong>Constantiam</strong></span> <span class='ocrx_word' id='word_1_91' title='bbox 1417 1814 1477 1876; x_wconf 90' lang='lat' dir='ltr'><strong>in</strong></span> <span class='ocrx_word' id='word_1_92' title='bbox 1518 1814 1812 1875; x_wconf 87' lang='lat' dir='ltr'><strong>oratione</strong></span> <span class='ocrx_word' id='word_1_93' title='bbox 1855 1811 2314 1876; x_wconf 81' lang='lat' dir='ltr'><strong>commendat»</strong></span> <span class='ocrx_word' id='word_1_94' title='bbox 2352 1811 2476 1880; x_wconf 74' lang='grc'><strong>343</strong></span> 
     </span>
    </p>
   </div>
   <div class='ocr_carea' id='block_1_3' title="bbox 356 1997 2480 2634">
    <p class='ocr_par' dir='ltr' id='par_1_3' title="bbox 356 1997 2480 2634">
     <span class='ocr_line' id='line_1_16' title="bbox 356 1997 2316 2084; baseline 0.001 -19"><span class='ocrx_word' id='word_1_95' title='bbox 356 1999 645 2084; x_wconf 86' lang='lat' dir='ltr'><strong>Epistola</strong></span> <span class='ocrx_word' id='word_1_96' title='bbox 688 2002 1089 2084; x_wconf 87' lang='lat' dir='ltr'><strong>autographa</strong></span> <span class='ocrx_word' id='word_1_97' title='bbox 1132 2003 1351 2066; x_wconf 86' lang='lat' dir='ltr'><strong>italica</strong></span> <span class='ocrx_word' id='word_1_98' title='bbox 1394 2019 1433 2064; x_wconf 92' lang='lat' dir='ltr'><strong>a</strong></span> <span class='ocrx_word' id='word_1_99' title='bbox 1476 1997 1826 2064; x_wconf 86' lang='lat' dir='ltr'><strong>Sanctitate</strong></span> <span class='ocrx_word' id='word_1_100' title='bbox 1853 2017 1972 2062; x_wconf 89' lang='lat' dir='ltr'><strong>sua</strong></span> <span class='ocrx_word' id='word_1_101' title='bbox 2015 2000 2096 2062; x_wconf 90' lang='lat' dir='ltr'><strong>ad</strong></span> <span class='ocrx_word' id='word_1_102' title='bbox 2136 1998 2316 2066; x_wconf 85' lang='lat' dir='ltr'><strong>Mar-</strong></span> 
     </span>
     <span class='ocr_line' id='line_1_17' title="bbox 433 2091 2310 2172; baseline 0.002 -14"><span class='ocrx_word' id='word_1_103' title='bbox 433 2097 722 2158; x_wconf 88' lang='lat' dir='ltr'><strong>chionem</strong></span> <span class='ocrx_word' id='word_1_104' title='bbox 766 2095 1179 2159; x_wconf 84' lang='lat' dir='ltr'><strong>Franciscum</strong></span> <span class='ocrx_word' id='word_1_105' title='bbox 1222 2095 1569 2161; x_wconf 80' lang='lat' dir='ltr'><strong>Cavalletti</strong></span> <span class='ocrx_word' id='word_1_106' title='bbox 1600 2091 1998 2172; x_wconf 87' lang='lat' dir='ltr'><strong>Senatorem,</strong></span> <span class='ocrx_word' id='word_1_107' title='bbox 2028 2095 2178 2159; x_wconf 86' lang='lat' dir='ltr'><strong>data</strong></span> <span class='ocrx_word' id='word_1_108' title='bbox 2207 2097 2310 2161; x_wconf 89' lang='lat' dir='ltr'><strong>die</strong></span> 
     </span>
     <span class='ocr_line' id='line_1_18' title="bbox 430 2187 2315 2272; baseline 0 -17"><span class='ocrx_word' id='word_1_109' title='bbox 430 2187 473 2255; x_wconf 88' lang='lat'>8</span> <span class='ocrx_word' id='word_1_110' title='bbox 514 2193 793 2272; x_wconf 89' lang='lat' dir='ltr'><strong>augusti,</strong></span> <span class='ocrx_word' id='word_1_111' title='bbox 838 2209 967 2271; x_wconf 86' lang='lat' dir='ltr'><strong>qua</strong></span> <span class='ocrx_word' id='word_1_112' title='bbox 1025 2198 1282 2253; x_wconf 86' lang='lat' dir='ltr'><strong>recusat</strong></span> <span class='ocrx_word' id='word_1_113' title='bbox 1321 2191 1451 2251; x_wconf 93' lang='lat' dir='ltr'><strong>duo</strong></span> <span class='ocrx_word' id='word_1_114' title='bbox 1493 2206 1761 2250; x_wconf 89' lang='lat' dir='ltr'><strong>munera</strong></span> <span class='ocrx_word' id='word_1_115' title='bbox 1809 2188 1930 2249; x_wconf 88' lang='lat' dir='ltr'><strong>sibi</strong></span> <span class='ocrx_word' id='word_1_116' title='bbox 1975 2187 2315 2272; x_wconf 85' lang='lat' dir='ltr'><strong>destinata,</strong></span> 
     </span>
     <span class='ocr_line' id='line_1_19' title="bbox 434 2279 2316 2360; baseline 0.001 -13"><span class='ocrx_word' id='word_1_117' title='bbox 434 2285 680 2347; x_wconf 89' lang='lat' dir='ltr'><strong>scilicet</strong></span> <span class='ocrx_word' id='word_1_118' title='bbox 709 2285 1009 2346; x_wconf 81' lang='lat' dir='ltr'><strong>thronum</strong></span> <span class='ocrx_word' id='word_1_119' title='bbox 1056 2302 1351 2360; x_wconf 87' lang='lat' dir='ltr'><strong>aureum,</strong></span> <span class='ocrx_word' id='word_1_120' title='bbox 1396 2299 1472 2343; x_wconf 90' lang='lat' dir='ltr'><strong>ac</strong></span> <span class='ocrx_word' id='word_1_121' title='bbox 1514 2281 1776 2344; x_wconf 89' lang='lat' dir='ltr'><strong>titulum</strong></span> <span class='ocrx_word' id='word_1_122' title='bbox 1813 2279 1862 2343; x_wconf 73' lang='lat' dir='ltr'><strong>il</strong></span> <span class='ocrx_word' id='word_1_123' title='bbox 1909 2279 2164 2345; x_wconf 81' lang='lat' dir='ltr'><strong>Grande</strong></span> <span class='ocrx_word' id='word_1_124' title='bbox 2195 2302 2316 2348; x_wconf 88' lang='lat' dir='ltr'><strong>suo</strong></span> 
     </span>
     <span class='ocr_line' id='line_1_20' title="bbox 434 2372 2310 2455; baseline 0.001 -16"><span class='ocrx_word' id='word_1_125' title='bbox 434 2378 670 2440; x_wconf 90' lang='lat' dir='ltr'><strong>nomini</strong></span> <span class='ocrx_word' id='word_1_126' title='bbox 712 2375 1089 2439; x_wconf 89' lang='lat' dir='ltr'><strong>addendum.</strong></span> <span class='ocrx_word' id='word_1_127' title='bbox 1122 2375 1413 2438; x_wconf 82' lang='lat' dir='ltr'><strong>Alterius</strong></span> <span class='ocrx_word' id='word_1_128' title='bbox 1448 2375 1613 2437; x_wconf 90' lang='lat' dir='ltr'><strong>enim</strong></span> <span class='ocrx_word' id='word_1_129' title='bbox 1655 2391 1938 2455; x_wconf 84' lang='lat' dir='ltr'><strong>expensa</strong></span> <span class='ocrx_word' id='word_1_130' title='bbox 1981 2375 2058 2436; x_wconf 90' lang='lat' dir='ltr'><strong>ad</strong></span> <span class='ocrx_word' id='word_1_131' title='bbox 2104 2372 2310 2440; x_wconf 89' lang='lat' dir='ltr'><strong>Cleri—</strong></span> 
     </span>
     <span class='ocr_line' id='line_1_21' title="bbox 435 2467 2311 2550; baseline 0 -17"><span class='ocrx_word' id='word_1_132' title='bbox 435 2488 545 2533; x_wconf 86' lang='lat' dir='ltr'><strong>cos</strong></span> <span class='ocrx_word' id='word_1_133' title='bbox 572 2487 609 2532; x_wconf 89' lang='lat' dir='ltr'><strong>a</strong></span> <span class='ocrx_word' id='word_1_134' title='bbox 638 2470 899 2533; x_wconf 88' lang='lat' dir='ltr'><strong>militari</strong></span> <span class='ocrx_word' id='word_1_135' title='bbox 929 2471 1394 2549; x_wconf 84' lang='lat' dir='ltr'><strong>conquisitione</strong></span> <span class='ocrx_word' id='word_1_136' title='bbox 1424 2467 1732 2530; x_wconf 87' lang='lat' dir='ltr'><strong>levandos</strong></span> <span class='ocrx_word' id='word_1_137' title='bbox 1753 2467 2028 2548; x_wconf 88' lang='lat' dir='ltr'><strong>impendi</strong></span> <span class='ocrx_word' id='word_1_138' title='bbox 2053 2473 2311 2550; x_wconf 89' lang='lat' dir='ltr'><strong>poterit.</strong></span> 
     </span>
     <span class='ocr_line' id='line_1_22' title="bbox 436 2559 2480 2634; baseline 0 -8"><span class='ocrx_word' id='word_1_139' title='bbox 436 2563 734 2627; x_wconf 83' lang='lat' dir='ltr'><strong>Alterum</strong></span> <span class='ocrx_word' id='word_1_140' title='bbox 777 2564 887 2627; x_wconf 89' lang='lat' dir='ltr'><strong>uni</strong></span> <span class='ocrx_word' id='word_1_141' title='bbox 931 2559 1071 2627; x_wconf 89' lang='lat' dir='ltr'><strong>Deo</strong></span> <span class='ocrx_word' id='word_1_142' title='bbox 1116 2561 1521 2626; x_wconf 89' lang='lat' dir='ltr'><strong>tribuendum</strong></span> <span class='ocrx_word' id='word_1_143' title='bbox 1552 2581 1690 2626; x_wconf 89' lang='lat' dir='ltr'><strong>esse</strong></span> <span class='ocrx_word' id='word_1_144' title='bbox 1733 2563 2056 2626; x_wconf 83' lang='lat' dir='ltr'><strong>existimat</strong></span> <span class='ocrx_word' id='word_1_145' title='bbox 2102 2611 2116 2626; x_wconf 88' lang='lat'><strong>.</strong></span> <span class='ocrx_word' id='word_1_146' title='bbox 2289 2585 2320 2626; x_wconf 73' lang='lat' dir='ltr'><strong>n</strong></span> <span class='ocrx_word' id='word_1_147' title='bbox 2359 2561 2480 2634; x_wconf 73' lang='grc'><strong>348</strong></span> 
     </span>
    </p>
   </div>
   <div class='ocr_carea' id='block_1_4' title="bbox 356 2748 2480 4253">
    <p class='ocr_par' dir='ltr' id='par_1_4' title="bbox 356 2748 2480 4253">
     <span class='ocr_line' id='line_1_23' title="bbox 356 2748 2312 2818; baseline 0.001 -3"><span class='ocrx_word' id='word_1_148' title='bbox 356 2752 691 2815; x_wconf 87' lang='lat' dir='ltr'><strong>Allocutio</strong></span> <span class='ocrx_word' id='word_1_149' title='bbox 734 2752 945 2815; x_wconf 82' lang='lat' dir='ltr'><strong>habita</strong></span> <span class='ocrx_word' id='word_1_150' title='bbox 974 2753 1040 2815; x_wconf 88' lang='lat' dir='ltr'><strong>iu</strong></span> <span class='ocrx_word' id='word_1_151' title='bbox 1070 2751 1333 2815; x_wconf 90' lang='lat' dir='ltr'><strong>aedibus</strong></span> <span class='ocrx_word' id='word_1_152' title='bbox 1360 2748 1688 2816; x_wconf 85' lang='lat' dir='ltr'><strong>Vaticanis</strong></span> <span class='ocrx_word' id='word_1_153' title='bbox 1730 2751 1808 2814; x_wconf 89' lang='lat' dir='ltr'><strong>ad</strong></span> <span class='ocrx_word' id='word_1_154' title='bbox 1839 2750 1904 2815; x_wconf 89' lang='lat' dir='ltr'><strong>S.</strong></span> <span class='ocrx_word' id='word_1_155' title='bbox 1934 2751 2014 2815; x_wconf 77' lang='lat' dir='ltr'><strong>lt.</strong></span> <span class='ocrx_word' id='word_1_156' title='bbox 2043 2751 2120 2816; x_wconf 90' lang='lat' dir='ltr'><strong>E.</strong></span> <span class='ocrx_word' id='word_1_157' title='bbox 2156 2752 2312 2818; x_wconf 76' lang='lat' dir='ltr'><strong>Car·</strong></span> 
     </span>
     <span class='ocr_line' id='line_1_24' title="bbox 434 2844 2322 2923; baseline 0.004 -16"><span class='ocrx_word' id='word_1_158' title='bbox 434 2846 677 2909; x_wconf 84' lang='lat' dir='ltr'><strong>dinales</strong></span> <span class='ocrx_word' id='word_1_159' title='bbox 718 2879 747 2892; x_wconf 92' lang='lat'>-</span> <span class='ocrx_word' id='word_1_160' title='bbox 804 2844 1109 2911; x_wconf 81' lang='lat' dir='ltr'><strong>Ordinem</strong></span> <span class='ocrx_word' id='word_1_161' title='bbox 1168 2854 1441 2923; x_wconf 76' lang='lat' dir='ltr'><strong>vestrum</strong></span> <span class='ocrx_word' id='word_1_162' title='bbox 1488 2878 1517 2891; x_wconf 94' lang='lat'><em>—</em></span> <span class='ocrx_word' id='word_1_163' title='bbox 1559 2847 1662 2909; x_wconf 92' lang='lat' dir='ltr'><strong>die</strong></span> <span class='ocrx_word' id='word_1_164' title='bbox 1721 2844 1800 2910; x_wconf 75' lang='lat'><strong>27</strong></span> <span class='ocrx_word' id='word_1_165' title='bbox 1844 2848 2146 2913; x_wconf 85' lang='lat' dir='ltr'><strong>octobris.</strong></span> <span class='ocrx_word' id='word_1_166' title='bbox 2193 2847 2322 2914; x_wconf 84' lang='lat' dir='ltr'><strong>Per</strong></span> 
     </span>
     <span class='ocr_line' id='line_1_25' title="bbox 437 2939 2315 3022; baseline 0.003 -21"><span class='ocrx_word' id='word_1_167' title='bbox 437 2940 955 3022; x_wconf 80' lang='lat' dir='ltr'><strong>praeteritionem</strong></span> <span class='ocrx_word' id='word_1_168' title='bbox 989 2946 1303 3001; x_wconf 89' lang='lat' dir='ltr'><strong>memorat</strong></span> <span class='ocrx_word' id='word_1_169' title='bbox 1348 2939 1611 3002; x_wconf 84' lang='lat' dir='ltr'><strong>hostiles</strong></span> <span class='ocrx_word' id='word_1_170' title='bbox 1642 2940 1910 3003; x_wconf 87' lang='lat' dir='ltr'><strong>iniurias</strong></span> <span class='ocrx_word' id='word_1_171' title='bbox 1941 2940 2315 3007; x_wconf 89' lang='lat' dir='ltr'><strong>Catholicae</strong></span> 
     </span>
     <span class='ocr_line' id='line_1_26' title="bbox 440 3030 2322 3113; baseline 0.003 -19"><span class='ocrx_word' id='word_1_172' title='bbox 440 3030 765 3095; x_wconf 88' lang='lat' dir='ltr'><strong>Ecclesiae</strong></span> <span class='ocrx_word' id='word_1_173' title='bbox 808 3039 873 3096; x_wconf 90' lang='lat' dir='ltr'><strong>et</strong></span> <span class='ocrx_word' id='word_1_174' title='bbox 916 3030 1327 3113; x_wconf 81' lang='lat' dir='ltr'><strong>Apostolicae</strong></span> <span class='ocrx_word' id='word_1_175' title='bbox 1356 3030 1501 3095; x_wconf 80' lang='lat' dir='ltr'><strong>Sedi</strong></span> <span class='ocrx_word' id='word_1_176' title='bbox 1544 3032 1625 3094; x_wconf 88' lang='lat' dir='ltr'><strong>ab</strong></span> <span class='ocrx_word' id='word_1_177' title='bbox 1667 3033 2078 3099; x_wconf 85' lang='lat' dir='ltr'><strong>invasoribus</strong></span> <span class='ocrx_word' id='word_1_178' title='bbox 2117 3040 2322 3101; x_wconf 90' lang='lat' dir='ltr'><strong>conti-</strong></span> 
     </span>
     <span class='ocr_line' id='line_1_27' title="bbox 436 3124 2318 3194; baseline 0.003 -5"><span class='ocrx_word' id='word_1_179' title='bbox 436 3134 661 3190; x_wconf 89' lang='lat' dir='ltr'><strong>nenter</strong></span> <span class='ocrx_word' id='word_1_180' title='bbox 709 3128 943 3190; x_wconf 85' lang='lat' dir='ltr'><strong>illatas.</strong></span> <span class='ocrx_word' id='word_1_181' title='bbox 1008 3124 1105 3189; x_wconf 82' lang='lat' dir='ltr'><strong>De</strong></span> <span class='ocrx_word' id='word_1_182' title='bbox 1150 3128 1507 3189; x_wconf 87' lang='lat' dir='ltr'><strong>animarum</strong></span> <span class='ocrx_word' id='word_1_183' title='bbox 1558 3143 1716 3190; x_wconf 88' lang='lat' dir='ltr'><strong>vero</strong></span> <span class='ocrx_word' id='word_1_184' title='bbox 1762 3128 1973 3192; x_wconf 89' lang='lat' dir='ltr'><strong>salute</strong></span> <span class='ocrx_word' id='word_1_185' title='bbox 2035 3148 2318 3194; x_wconf 89' lang='lat' dir='ltr'><strong>summo-</strong></span> 
     </span>
     <span class='ocr_line' id='line_1_28' title="bbox 435 3219 2317 3303; baseline 0.003 -20"><span class='ocrx_word' id='word_1_186' title='bbox 435 3238 589 3302; x_wconf 85' lang='lat' dir='ltr'><strong>pere</strong></span> <span class='ocrx_word' id='word_1_187' title='bbox 634 3222 949 3284; x_wconf 87' lang='lat' dir='ltr'><strong>sollicitus</strong></span> <span class='ocrx_word' id='word_1_188' title='bbox 993 3219 1267 3283; x_wconf 84' lang='lat' dir='ltr'><strong>viduatis</strong></span> <span class='ocrx_word' id='word_1_189' title='bbox 1318 3221 1680 3295; x_wconf 61' lang='lat' dir='ltr'><strong>tamdiu³et</strong></span> <span class='ocrx_word' id='word_1_190' title='bbox 1730 3228 1858 3283; x_wconf 89' lang='lat' dir='ltr'><strong>tam</strong></span> <span class='ocrx_word' id='word_1_191' title='bbox 1903 3222 2138 3303; x_wconf 77' lang='lat' dir='ltr'><strong>ingenti</strong></span> <span class='ocrx_word' id='word_1_192' title='bbox 2197 3242 2317 3288; x_wconf 86' lang='lat' dir='ltr'><strong>nu-</strong></span> 
     </span>
     <span class='ocr_line' id='line_1_29' title="bbox 438 3311 2316 3395; baseline 0.003 -19"><span class='ocrx_word' id='word_1_193' title='bbox 438 3331 617 3377; x_wconf 87' lang='lat' dir='ltr'><strong>mero</strong></span> <span class='ocrx_word' id='word_1_194' title='bbox 682 3313 906 3377; x_wconf 87' lang='lat' dir='ltr'><strong>ltaliae</strong></span> <span class='ocrx_word' id='word_1_195' title='bbox 978 3311 1283 3377; x_wconf 87' lang='lat' dir='ltr'><strong>Ecclesiis</strong></span> <span class='ocrx_word' id='word_1_196' title='bbox 1343 3317 1577 3395; x_wconf 89' lang='lat' dir='ltr'><strong>partim</strong></span> <span class='ocrx_word' id='word_1_197' title='bbox 1642 3314 1949 3381; x_wconf 83' lang='lat' dir='ltr'><strong>hodierna</strong></span> <span class='ocrx_word' id='word_1_198' title='bbox 2001 3317 2118 3390; x_wconf 70' lang='lat' dir='ltr'><strong>die„</strong></span> <span class='ocrx_word' id='word_1_199' title='bbox 2163 3336 2316 3382; x_wconf 86' lang='lat' dir='ltr'><strong>suos</strong></span> 
     </span>
     <span class='ocr_line' id='line_1_30' title="bbox 438 3406 2320 3491; baseline 0.003 -22"><span class='ocrx_word' id='word_1_200' title='bbox 438 3406 789 3489; x_wconf 80' lang='lat' dir='ltr'><strong>Episcopus</strong></span> <span class='ocrx_word' id='word_1_201' title='bbox 829 3408 1141 3489; x_wconf 80' lang='lat' dir='ltr'><strong>adsignat,</strong></span> <span class='ocrx_word' id='word_1_202' title='bbox 1186 3410 1421 3487; x_wconf 87' lang='lat' dir='ltr'><strong>partim</strong></span> <span class='ocrx_word' id='word_1_203' title='bbox 1464 3408 1942 3488; x_wconf 87' lang='lat' dir='ltr'><strong>quamprimum</strong></span> <span class='ocrx_word' id='word_1_204' title='bbox 1989 3410 2053 3474; x_wconf 85' lang='lat' dir='ltr'><strong>iu</strong></span> <span class='ocrx_word' id='word_1_205' title='bbox 2106 3420 2320 3491; x_wconf 89' lang='lat' dir='ltr'><strong>poste-</strong></span> 
     </span>
     <span class='ocr_line' id='line_1_31' title="bbox 438 3500 2317 3586; baseline 0.003 -21"><span class='ocrx_word' id='word_1_206' title='bbox 438 3520 581 3565; x_wconf 89' lang='lat' dir='ltr'><strong>rum</strong></span> <span class='ocrx_word' id='word_1_207' title='bbox 623 3502 1013 3567; x_wconf 86' lang='lat' dir='ltr'><strong>constituere</strong></span> <span class='ocrx_word' id='word_1_208' title='bbox 1056 3501 1427 3583; x_wconf 91' lang='lat' dir='ltr'><strong>pollicetur.</strong></span> <span class='ocrx_word' id='word_1_209' title='bbox 1471 3500 1542 3564; x_wconf 88' lang='lat' dir='ltr'><strong>ln</strong></span> <span class='ocrx_word' id='word_1_210' title='bbox 1586 3519 1716 3584; x_wconf 90' lang='lat' dir='ltr'><strong>quo</strong></span> <span class='ocrx_word' id='word_1_211' title='bbox 1757 3504 2014 3583; x_wconf 85' lang='lat' dir='ltr'><strong>quidem</strong></span> <span class='ocrx_word' id='word_1_212' title='bbox 2062 3508 2317 3586; x_wconf 89' lang='lat' dir='ltr'><strong>negotio</strong></span> 
     </span>
     <span class='ocr_line' id='line_1_32' title="bbox 438 3592 2318 3677; baseline 0.002 -18"><span class='ocrx_word' id='word_1_213' title='bbox 438 3614 505 3659; x_wconf 84' lang='lat' dir='ltr'><strong>se</strong></span> <span class='ocrx_word' id='word_1_214' title='bbox 534 3602 847 3677; x_wconf 86' lang='lat' dir='ltr'><strong>potestate</strong></span> <span class='ocrx_word' id='word_1_215' title='bbox 881 3613 918 3657; x_wconf 92' lang='lat' dir='ltr'><strong>a</strong></span> <span class='ocrx_word' id='word_1_216' title='bbox 950 3592 1090 3658; x_wconf 90' lang='lat' dir='ltr'><strong>Deo</strong></span> <span class='ocrx_word' id='word_1_217' title='bbox 1120 3601 1382 3673; x_wconf 90' lang='lat' dir='ltr'><strong>accepta</strong></span> <span class='ocrx_word' id='word_1_218' title='bbox 1426 3612 1614 3658; x_wconf 89' lang='lat' dir='ltr'><strong>usum</strong></span> <span class='ocrx_word' id='word_1_219' title='bbox 1646 3612 1784 3659; x_wconf 90' lang='lat' dir='ltr'><strong>esse</strong></span> <span class='ocrx_word' id='word_1_220' title='bbox 1825 3595 2138 3677; x_wconf 86' lang='lat' dir='ltr'><strong>declarat,</strong></span> <span class='ocrx_word' id='word_1_221' title='bbox 2163 3616 2318 3663; x_wconf 89' lang='lat' dir='ltr'><strong>cau-</strong></span> 
     </span>
     <span class='ocr_line' id='line_1_33' title="bbox 440 3688 2319 3775; baseline 0.002 -20"><span class='ocrx_word' id='word_1_222' title='bbox 440 3692 771 3770; x_wconf 83' lang='lat' dir='ltr'><strong>tionesque</strong></span> <span class='ocrx_word' id='word_1_223' title='bbox 810 3707 976 3771; x_wconf 86' lang='lat' dir='ltr'><strong>quae</strong></span> <span class='ocrx_word' id='word_1_224' title='bbox 1022 3690 1219 3769; x_wconf 88' lang='lat' dir='ltr'><strong>vulgo</strong></span> <span class='ocrx_word' id='word_1_225' title='bbox 1260 3688 1660 3771; x_wconf 74' lang='lat' dir='ltr'><strong>quarentiqie</strong></span> <span class='ocrx_word' id='word_1_226' title='bbox 1703 3698 2021 3775; x_wconf 69' lang='lat' dir='ltr'><strong>vocantur</strong></span> <span class='ocrx_word' id='word_1_227' title='bbox 2070 3696 2319 3775; x_wconf 86' lang='lat' dir='ltr'><strong>respuit</strong></span> 
     </span>
     <span class='ocr_line' id='line_1_34' title="bbox 438 3783 2315 3864; baseline 0.003 -16"><span class='ocrx_word' id='word_1_228' title='bbox 438 3792 505 3849; x_wconf 92' lang='lat' dir='ltr'><strong>et</strong></span> <span class='ocrx_word' id='word_1_229' title='bbox 530 3793 753 3848; x_wconf 88' lang='lat' dir='ltr'><strong>contra</strong></span> <span class='ocrx_word' id='word_1_230' title='bbox 794 3802 902 3848; x_wconf 91' lang='lat' dir='ltr'><strong>eas</strong></span> <span class='ocrx_word' id='word_1_231' title='bbox 932 3786 1167 3847; x_wconf 88' lang='lat' dir='ltr'><strong>iterum</strong></span> <span class='ocrx_word' id='word_1_232' title='bbox 1200 3783 1727 3864; x_wconf 84' lang='lat' dir='ltr'><strong>protestationem</strong></span> <span class='ocrx_word' id='word_1_233' title='bbox 1769 3785 2020 3848; x_wconf 90' lang='lat' dir='ltr'><strong>emittit.</strong></span> <span class='ocrx_word' id='word_1_234' title='bbox 2055 3783 2315 3853; x_wconf 89' lang='lat' dir='ltr'><strong>Bellum</strong></span> 
     </span>
     <span class='ocr_line' id='line_1_35' title="bbox 442 3874 2319 3959; baseline 0.003 -17"><span class='ocrx_word' id='word_1_235' title='bbox 442 3878 694 3943; x_wconf 89' lang='lat' dir='ltr'><strong>taudem</strong></span> <span class='ocrx_word' id='word_1_236' title='bbox 724 3879 787 3941; x_wconf 91' lang='lat' dir='ltr'><strong>in</strong></span> <span class='ocrx_word' id='word_1_237' title='bbox 826 3878 956 3941; x_wconf 88' lang='lat' dir='ltr'><strong>alia</strong></span> <span class='ocrx_word' id='word_1_238' title='bbox 994 3874 1293 3959; x_wconf 90' lang='lat' dir='ltr'><strong>Europae</strong></span> <span class='ocrx_word' id='word_1_239' title='bbox 1336 3878 1597 3959; x_wconf 82' lang='lat' dir='ltr'><strong>regione</strong></span> <span class='ocrx_word' id='word_1_240' title='bbox 1639 3880 2032 3943; x_wconf 89' lang='lat' dir='ltr'><strong>oecumenici</strong></span> <span class='ocrx_word' id='word_1_241' title='bbox 2061 3878 2319 3948; x_wconf 80' lang='lat' dir='ltr'><strong>Vatica-</strong></span> 
     </span>
     <span class='ocr_line' id='line_1_36' title="bbox 440 3968 2318 4053; baseline 0.003 -16"><span class='ocrx_word' id='word_1_242' title='bbox 440 3973 503 4037; x_wconf 88' lang='lat' dir='ltr'><strong>ni</strong></span> <span class='ocrx_word' id='word_1_243' title='bbox 534 3968 801 4037; x_wconf 88' lang='lat' dir='ltr'><strong>Concilii</strong></span> <span class='ocrx_word' id='word_1_244' title='bbox 846 3972 1119 4035; x_wconf 86' lang='lat' dir='ltr'><strong>decretis</strong></span> <span class='ocrx_word' id='word_1_245' title='bbox 1159 3972 1415 4035; x_wconf 88' lang='lat' dir='ltr'><strong>illatum</strong></span> <span class='ocrx_word' id='word_1_246' title='bbox 1457 3974 1901 4053; x_wconf 85' lang='lat' dir='ltr'><strong>conqueritur,</strong></span> <span class='ocrx_word' id='word_1_247' title='bbox 1945 3982 2011 4039; x_wconf 93' lang='lat' dir='ltr'><strong>et</strong></span> <span class='ocrx_word' id='word_1_248' title='bbox 2052 3973 2318 4044; x_wconf 80' lang='lat' dir='ltr'><strong>Archie-</strong></span> 
     </span>
     <span class='ocr_line' id='line_1_37' title="bbox 440 4063 2317 4150; baseline 0.006 -22"><span class='ocrx_word' id='word_1_249' title='bbox 440 4067 682 4149; x_wconf 88' lang='lat' dir='ltr'><strong>piscopi</strong></span> <span class='ocrx_word' id='word_1_250' title='bbox 722 4063 1127 4130; x_wconf 85' lang='lat' dir='ltr'><strong>Monacensis</strong></span> <span class='ocrx_word' id='word_1_251' title='bbox 1170 4066 1578 4149; x_wconf 90' lang='lat' dir='ltr'><strong>aliorumque</strong></span> <span class='ocrx_word' id='word_1_252' title='bbox 1608 4064 2073 4150; x_wconf 88' lang='lat' dir='ltr'><strong>Episcoporum</strong></span> <span class='ocrx_word' id='word_1_253' title='bbox 2105 4074 2317 4140; x_wconf 85' lang='lat' dir='ltr'><strong>zelum</strong></span> 
     </span>
     <span class='ocr_line' id='line_1_38' title="bbox 440 4160 2480 4253; baseline 0.003 -26"><span class='ocrx_word' id='word_1_254' title='bbox 440 4166 665 4227; x_wconf 83' lang='lat' dir='ltr'><strong>contra</strong></span> <span class='ocrx_word' id='word_1_255' title='bbox 706 4160 1068 4227; x_wconf 85' lang='lat' dir='ltr'><strong>huiusmodi</strong></span> <span class='ocrx_word' id='word_1_256' title='bbox 1114 4168 1379 4229; x_wconf 82' lang='lat' dir='ltr'><strong>conatus</strong></span> <span class='ocrx_word' id='word_1_257' title='bbox 1422 4162 1723 4230; x_wconf 84' lang='lat' dir='ltr'><strong>laudibus</strong></span> <span class='ocrx_word' id='word_1_258' title='bbox 1761 4168 2195 4253; x_wconf 81' lang='lat' dir='ltr'><strong>prosequitur.</strong></span> <span class='ocrx_word' id='word_1_259' title='bbox 2282 4192 2316 4233; x_wconf 80' lang='lat'><strong>»</strong></span> <span class='ocrx_word' id='word_1_260' title='bbox 2355 4164 2480 4242; x_wconf 77' lang='grc'><strong>352</strong></span> 
     </span>
    </p>
   </div>
  </div>
 </body>
</html>
