3292 5275
2213 450 2371 535 395

277 590 571 675 Epistola
622 590 703 653 ad
754 589 1205 655 Venerabilem
1245 586 1541 653 Fratrem
1562 630 1567 633 -
1590 586 2009 650 Laurentium
2063 585 2212 667 Epi-

352 702 617 766 scopum
658 681 1207 747 Ventimiliensem
1256 714 1339 729 -·
1387 682 1554 745 Adeo
1600 678 1826 762 ubique
1883 681 2097 742 laxata
2134 712 2214 727 —-

357 779 457 841 die
519 774 598 842 12
655 777 933 858 augusti.
998 772 1384 840 Gratulatur
1432 773 1603 855 quod
1644 774 1810 835 idem
1857 768 2214 854 Episcopus

358 890 477 937 sua
524 870 753 952 suique
806 870 1029 951 populi
1084 871 1295 949 inopia
1344 886 1472 931 uon
1521 868 1813 931 obstante
1863 868 2222 932 haeretico—

372 983 517 1029 rum
556 964 911 1041 doctrinae,
950 962 1063 1042 qui
1100 964 1165 1023 in
1206 963 1483 1042 quodam
1531 964 1674 1023 eius
1711 961 2016 1024 dioecesis
2055 978 2220 1043 pago

362 1076 599 1141 pueros
628 1065 693 1121 et
718 1056 1153 1120 adolescentes
1183 1056 1409 1119 vitiare
1438 1054 1828 1131 nitebantur,
1871 1054 2221 1118 catholicas

364 1152 617 1217 scholas
656 1150 984 1213 obiecerit.
1050 1145 1213 1212 Cum
1274 1164 1431 1211 vero
1489 1146 1623 1227 ipse
1687 1145 1956 1210 Praesul
1999 1166 2224 1212 verea-

368 1252 501 1325 tur,
540 1263 621 1309 ne
660 1243 921 1307 scholae
950 1241 1339 1316 huiusmodi,
1368 1240 1807 1303 deficientibus
1831 1242 2082 1322 opibus,
2111 1242 2224 1305 diu

367 1338 713 1404 sustentari
760 1354 885 1399 non
940 1336 1207 1416 possint,
1257 1332 1553 1399 Summus
1595 1333 1891 1401 Pontifex
1933 1338 2224 1419 providet

376 1452 458 1496 ex
498 1449 651 1495 aere
688 1448 809 1495 suo
920 1474 937 1491 .
1102 1474 1119 1493 .
1283 1473 1302 1492 .
1466 1474 1481 1491 .
1651 1476 1667 1492 .
1833 1474 1850 1493 .
2017 1478 2034 1493 .
2195 1452 2232 1493 r
2305 1428 2387 1497 67

288 1618 573 1685 Litterae
614 1618 1025 1700 Apostolicae
1066 1618 1189 1681 sub
1236 1618 1535 1698 plumbo,
1574 1648 1658 1663 --
1697 1616 2078 1699 Apostolicae
2118 1617 2228 1685 Se-

370 1711 467 1777 dis
502 1744 583 1765 ⁴-
625 1710 712 1777 IV
756 1708 911 1775 Kal.
946 1712 1287 1792 septembr.
1332 1712 1565 1792 quibus
1606 1710 1879 1775 edicitur
1907 1710 2235 1776 Constitu·

370 1806 461 1871 tio
486 1824 685 1886 super
710 1806 1063 1887 privilegiis
1084 1802 1684 1868 Protonotariorum
1707 1804 2227 1887 Apostolicorum

377 1901 452 1964 ad
496 1901 701 1963 instar
738 1900 1259 1981 participantium
1286 1944 1302 1961 .
1468 1944 1489 1962 .
1650 1944 1667 1961 .
1833 1946 1850 1963 .
2017 1946 2032 1962 .
2199 1922 2234 1961 >v
2307 1894 2390 1965 69

296 2082 645 2151 Decretum
674 2086 1131 2153 consistoriale
1168 2120 1251 2135 --
1290 2087 1395 2151 Ex
1432 2108 1555 2171 quo
1582 2106 1631 2151 ε.
1661 2108 1742 2151 m.
1787 2088 2075 2154 Urbanus
2115 2090 2232 2157 hu·

375 2178 475 2244 ius
510 2181 786 2248 nominis
828 2179 1097 2247 Oetam
1120 2214 1199 2227 —-·
1226 2182 1327 2245 die
1364 2179 1409 2246 3
1446 2184 1838 2261 septembris.
1887 2181 2228 2247 Urbanien.

378 2282 441 2339 et
484 2272 549 2338 S.
596 2272 826 2355 Angeli
854 2276 917 2337 in
946 2274 1149 2338 Vado.
1197 2274 1584 2338 Declaratur
1622 2284 1688 2339 et
1728 2278 2101 2340 emendatur
2127 2296 2236 2341 ea·

378 2386 523 2432 rum
566 2368 813 2431 sedium
856 2370 1361 2449 praenominatio
1391 2369 1774 2432 alternative
1807 2378 1940 2434 tum
1983 2372 2046 2433 in
2087 2388 2235 2435 con-

378 2462 801 2527 sistorialibus
842 2464 1195 2543 praeconiis
1236 2480 1382 2524 cum
1432 2464 1497 2524 in
1539 2462 1925 2542 Apostolicis
1973 2464 2239 2528 illarum

380 2556 803 2619 ecclesiarum
846 2558 1113 2619 invicem
1158 2574 1361 2637 aeque
1403 2557 1838 2637 principaliter
1879 2558 2235 2639 unitarum,

390 2649 663 2729 aliisque
728 2647 1037 2712 brevibus
1094 2649 1477 2714 facultatum
1537 2659 1602 2716 et
1664 2650 2013 2734 Rescriptis
2072 2671 2240 2734 quae

386 2744 477 2806 eis
517 2741 891 2806 referuntur
930 2787 945 2804 .
1110 2787 1127 2806 .
1295 2789 1311 2807 .
1478 2789 1495 2806 .
1663 2791 1678 2808 .
1846 2790 1861 2807 .
2027 2792 2042 2809 .
2209 2767 2244 2809 r
2319 2743 2396 2814 81

1115 2855 1131 2903 l

306 2927 525 2996 Simile
564 2961 647 2980 -·-
685 2927 1001 3014 Amynta
1038 2931 1294 2999 omnino
1324 2965 1408 2983 --
1446 2931 1553 2998 die
1584 2931 1666 3002 27
1705 2933 2098 3016 septembris.
2145 2933 2264 2998 la·-

388 3028 637 3090 ciensis.
672 3024 771 3089 De
799 3025 1359 3108 Appellationibus
1400 3031 1479 3093 ad
1502 3027 1972 3094 Messanensem
2002 3029 2246 3093 Metro-

391 3125 767 3205 politanum.
935 3164 950 3181 .
1119 3165 1134 3182 .
1302 3165 1317 3184 .
1484 3166 1499 3185 .
1668 3165 1684 3184 .
1850 3166 1865 3183 .
2032 3166 2048 3182 .
2215 3141 2248 3186 ²>
2327 3117 2408 3192 84

312 3311 605 3394 Epistola
664 3310 745 3374 ad
804 3311 1109 3376 dilectum
1162 3308 1367 3374 filium
1420 3307 1762 3373 Albertum
1819 3305 2045 3374 Cucito
2107 3325 2253 3390 pre—

384 3411 740 3492 sbyterum.
796 3405 1099 3470 Venetiae
1136 3435 1217 3452 --
1260 3403 1659 3485 Propositum
1717 3423 1758 3464 a
1816 3413 1870 3465 te
1907 3433 1989 3447 —-
2027 3403 2128 3466 die
2173 3399 2258 3470 19

395 3502 767 3568 decembris.
800 3497 1121 3563 Libellum
1164 3515 1243 3565 nr
1286 3513 1646 3564 mmmm-u⁴
1691 3511 1982 3562 rimosum
2017 3513 2252 3579 rtem,

396 3614 587 3682 quem
630 3613 668 3659 a
710 3613 779 3659 se
818 3593 1231 3658 lucubratum
1273 3594 1407 3674 ipse
1451 3591 1656 3673 primo
1683 3588 1992 3654 Italorum
2035 3591 2255 3654 catho-

394 3695 524 3756 lico
564 3691 907 3754 conventui
939 3695 1385 3771 proposuerat,
1416 3683 1730 3750 Sanctitas
1761 3682 1890 3748 Sua
1923 3685 2104 3747 valde
2147 3683 2257 3747 ad·

397 3787 649 3870 probat,
694 3786 907 3866 ibique
950 3784 1407 3864 praescriptam
1450 3779 1816 3842 methodum
1853 3778 1931 3840 ad
1973 3777 2255 3842 infelices

396 3882 549 3945 istos
591 3897 825 3961 pueros
866 3879 983 3942 sibi
1027 3878 1285 3940 relictos
1327 3874 1631 3938 adversus
1661 3871 2030 3933 hodiernam
2073 3871 2258 3935 vitio-

399 3991 547 4036 rum
614 3970 961 4034 colluviem
1022 3970 1511 4047 innumerasque
1572 3964 1828 4028 insidias
1889 3962 2258 4028 muniendos

399 4083 801 4146 summopere
850 4063 1269 4126 commendat.
1326 4057 1664 4122 Praeterea
1719 4057 1836 4138 ipsi
1897 4056 2262 4136 gratulatur

400 4162 478 4224 de
522 4159 857 4223 uberrimis
892 4158 1230 4234 fructibus,
1260 4172 1421 4237 quos
1449 4152 1775 4215 charitatis
1815 4150 2024 4213 studio
2067 4159 2260 4232 atque

402 4259 727 4327 industriis
768 4258 895 4322 iam
922 4250 1283 4333 collegerit,
1308 4248 1629 4329 simulque
1672 4246 2023 4324 ominatur,
2048 4253 2122 4308 ut
2147 4243 2265 4310 atii

402 4373 659 4445 quoque
710 4367 1019 4438 prospero
1068 4347 1269 4412 illecti
1322 4360 1627 4410 successu
1667 4341 1730 4406 in
1783 4346 1910 4408 tam
1951 4337 2266 4410 laudabili
