<?xml version="1.0" encoding="UTF-8"?>
<!DOCTYPE html PUBLIC "-//W3C//DTD XHTML 1.0 Transitional//EN"
    "http://www.w3.org/TR/xhtml1/DTD/xhtml1-transitional.dtd">
<html xmlns="http://www.w3.org/1999/xhtml" xml:lang="en" lang="en">
 <head>
  <title>
</title>
<meta http-equiv="Content-Type" content="text/html;charset=utf-8" />
  <meta name='ocr-system' content='tesseract 3.04.00' />
  <meta name='ocr-capabilities' content='ocr_page ocr_carea ocr_par ocr_line ocrx_word'/>
</head>
<body>
  <div class='ocr_page' id='page_1' title='image "./piiixpontificis01ixgoog_0141.png"; bbox 0 0 3292 5275; ppageno 0'>
   <div class='ocr_carea' id='block_1_1' title="bbox 2291 493 2442 579">
    <p class='ocr_par' dir='ltr' id='par_1_1' title="bbox 2291 493 2442 579">
     <span class='ocr_line' id='line_1_1' title="bbox 2291 493 2442 579; baseline 0.013 -2"><span class='ocrx_word' id='word_1_1' title='bbox 2291 493 2442 579; x_wconf 82' lang='lat'><strong>135</strong></span> 
     </span>
    </p>
   </div>
   <div class='ocr_carea' id='block_1_2' title="bbox 258 642 2454 3507">
    <p class='ocr_par' dir='ltr' id='par_1_2' title="bbox 314 642 2445 1083">
     <span class='ocr_line' id='line_1_2' title="bbox 320 642 2442 741; baseline 0.004 -26"><span class='ocrx_word' id='word_1_2' title='bbox 320 646 485 729; x_wconf 78' lang='lat' dir='ltr'><strong>fuit,</strong></span> <span class='ocrx_word' id='word_1_3' title='bbox 543 668 625 718; x_wconf 90' lang='lat' dir='ltr'><strong>ac</strong></span> <span class='ocrx_word' id='word_1_4' title='bbox 680 660 1045 741; x_wconf 84' lang='lat' dir='ltr'><strong>propterea</strong></span> <span class='ocrx_word' id='word_1_5' title='bbox 1101 670 1141 719; x_wconf 84' lang='lat' dir='ltr'><strong>a</strong></span> <span class='ocrx_word' id='word_1_6' title='bbox 1194 642 1465 721; x_wconf 78' lang='lat' dir='ltr'><strong>Sanctis</strong></span> <span class='ocrx_word' id='word_1_7' title='bbox 1519 644 1858 725; x_wconf 83' lang='lat' dir='ltr'><strong>Patribus</strong></span> <span class='ocrx_word' id='word_1_8' title='bbox 1909 662 1982 723; x_wconf 89' lang='lat' dir='ltr'><strong>et</strong></span> <span class='ocrx_word' id='word_1_9' title='bbox 2020 672 2060 723; x_wconf 82' lang='lat' dir='ltr'><strong>a</strong></span> <span class='ocrx_word' id='word_1_10' title='bbox 2109 646 2442 725; x_wconf 89' lang='lat' dir='ltr'><strong>Conciliis</strong></span> 
     </span>
     <span class='ocr_line' id='line_1_3' title="bbox 318 762 2445 865; baseline 0.002 -28"><span class='ocrx_word' id='word_1_11' title='bbox 318 768 533 837; x_wconf 87' lang='lat' dir='ltr'><strong>etiam</strong></span> <span class='ocrx_word' id='word_1_12' title='bbox 586 762 1065 841; x_wconf 79' lang='lat' dir='ltr'><strong>oecumenicis</strong></span> <span class='ocrx_word' id='word_1_13' title='bbox 1120 769 1217 841; x_wconf 89' lang='lat' dir='ltr'><strong>nil</strong></span> <span class='ocrx_word' id='word_1_14' title='bbox 1275 767 1485 860; x_wconf 80' lang='lat' dir='ltr'><strong>magis</strong></span> <span class='ocrx_word' id='word_1_15' title='bbox 1541 769 2040 862; x_wconf 89' lang='lat' dir='ltr'><strong>improbatum,</strong></span> <span class='ocrx_word' id='word_1_16' title='bbox 2096 790 2308 865; x_wconf 88' lang='lat' dir='ltr'><strong>quam</strong></span> <span class='ocrx_word' id='word_1_17' title='bbox 2363 781 2445 845; x_wconf 86' lang='lat' dir='ltr'><strong>ut</strong></span> 
     </span>
     <span class='ocr_line' id='line_1_4' title="bbox 319 880 2444 980; baseline 0.002 -24"><span class='ocrx_word' id='word_1_18' title='bbox 319 880 520 958; x_wconf 87' lang='lat' dir='ltr'><strong>Laici</strong></span> <span class='ocrx_word' id='word_1_19' title='bbox 573 886 646 957; x_wconf 91' lang='lat' dir='ltr'><strong>in</strong></span> <span class='ocrx_word' id='word_1_20' title='bbox 699 888 1173 961; x_wconf 84' lang='lat' dir='ltr'><strong>ecclesiastica</strong></span> <span class='ocrx_word' id='word_1_21' title='bbox 1232 890 1516 980; x_wconf 76' lang='lat' dir='ltr'><strong>negotia</strong></span> <span class='ocrx_word' id='word_1_22' title='bbox 1572 910 1724 963; x_wconf 86' lang='lat' dir='ltr'><strong>sese</strong></span> <span class='ocrx_word' id='word_1_23' title='bbox 1780 892 2200 975; x_wconf 87' lang='lat' dir='ltr'><strong>insererent,</strong></span> <span class='ocrx_word' id='word_1_24' title='bbox 2243 900 2317 961; x_wconf 85' lang='lat' dir='ltr'><strong>ct</strong></span> <span class='ocrx_word' id='word_1_25' title='bbox 2371 890 2444 962; x_wconf 90' lang='lat' dir='ltr'><strong>in</strong></span> 
     </span>
     <span class='ocr_line' id='line_1_5' title="bbox 314 1007 1676 1083; baseline 0.001 -6"><span class='ocrx_word' id='word_1_26' title='bbox 314 1007 873 1079; x_wconf 82' lang='lat' dir='ltr'><strong>ecclesiasticum</strong></span> <span class='ocrx_word' id='word_1_27' title='bbox 927 1009 1243 1082; x_wconf 82' lang='lat' dir='ltr'><strong>ordinem</strong></span> <span class='ocrx_word' id='word_1_28' title='bbox 1302 1009 1676 1083; x_wconf 79' lang='lat' dir='ltr'><strong>insilirent.</strong></span> 
     </span>
    </p>

    <p class='ocr_par' dir='ltr' id='par_1_3' title="bbox 314 1122 2450 1563">
     <span class='ocr_line' id='line_1_6' title="bbox 532 1122 2448 1223; baseline 0.003 -24"><span class='ocrx_word' id='word_1_29' title='bbox 532 1122 724 1200; x_wconf 85' lang='lat' dir='ltr'><strong>Haec</strong></span> <span class='ocrx_word' id='word_1_30' title='bbox 777 1141 965 1212; x_wconf 79' lang='lat' dir='ltr'><strong>sunt,</strong></span> <span class='ocrx_word' id='word_1_31' title='bbox 1023 1124 1209 1201; x_wconf 84' lang='lat' dir='ltr'><strong>Vcn.</strong></span> <span class='ocrx_word' id='word_1_32' title='bbox 1271 1124 1550 1216; x_wconf 78' lang='lat' dir='ltr'>Frater,</span> <span class='ocrx_word' id='word_1_33' title='bbox 1584 1151 1766 1223; x_wconf 90' lang='lat' dir='ltr'><strong>quae</strong></span> <span class='ocrx_word' id='word_1_34' title='bbox 1799 1128 1959 1203; x_wconf 88' lang='lat' dir='ltr'><strong>Tibi</strong></span> <span class='ocrx_word' id='word_1_35' title='bbox 1999 1130 2448 1222; x_wconf 81' lang='lat' dir='ltr'><strong>significanda</strong></span> 
     </span>
     <span class='ocr_line' id='line_1_7' title="bbox 314 1247 2446 1343; baseline 0.002 -26"><span class='ocrx_word' id='word_1_36' title='bbox 314 1259 533 1339; x_wconf 80' lang='lat' dir='ltr'><strong>atque</strong></span> <span class='ocrx_word' id='word_1_37' title='bbox 604 1247 991 1321; x_wconf 85' lang='lat' dir='ltr'><strong>mandanda</strong></span> <span class='ocrx_word' id='word_1_38' title='bbox 1064 1248 1475 1336; x_wconf 75' lang='lat' dir='ltr'><strong>duximus3,</strong></span> <span class='ocrx_word' id='word_1_39' title='bbox 1510 1271 1694 1343; x_wconf 89' lang='lat' dir='ltr'><strong>quae</strong></span> <span class='ocrx_word' id='word_1_40' title='bbox 1769 1262 1850 1325; x_wconf 87' lang='lat' dir='ltr'><strong>ut</strong></span> <span class='ocrx_word' id='word_1_41' title='bbox 1923 1250 2146 1343; x_wconf 88' lang='lat' dir='ltr'><strong>possis</strong></span> <span class='ocrx_word' id='word_1_42' title='bbox 2201 1247 2446 1323; x_wconf 87' lang='lat' dir='ltr'><strong>utilius</strong></span> 
     </span>
     <span class='ocr_line' id='line_1_8' title="bbox 314 1368 2450 1463; baseline 0.001 -26"><span class='ocrx_word' id='word_1_43' title='bbox 314 1368 581 1459; x_wconf 78' lang='lat' dir='ltr'><strong>exequi</strong></span> <span class='ocrx_word' id='word_1_44' title='bbox 636 1370 1071 1441; x_wconf 87' lang='lat' dir='ltr'><strong>necessarias</strong></span> <span class='ocrx_word' id='word_1_45' title='bbox 1107 1390 1351 1441; x_wconf 91' lang='lat' dir='ltr'><strong>omnes</strong></span> <span class='ocrx_word' id='word_1_46' title='bbox 1409 1381 1618 1463; x_wconf 86' lang='lat' dir='ltr'><strong>atque</strong></span> <span class='ocrx_word' id='word_1_47' title='bbox 1671 1378 2106 1463; x_wconf 84' lang='lat' dir='ltr'><strong>opportunas</strong></span> <span class='ocrx_word' id='word_1_48' title='bbox 2161 1370 2450 1443; x_wconf 78' lang='lat' dir='ltr'><strong>faculta-</strong></span> 
     </span>
     <span class='ocr_line' id='line_1_9' title="bbox 318 1480 1682 1563; baseline 0.003 -7"><span class='ocrx_word' id='word_1_49' title='bbox 318 1496 429 1557; x_wconf 88' lang='lat' dir='ltr'><strong>tes</strong></span> <span class='ocrx_word' id='word_1_50' title='bbox 486 1480 646 1559; x_wconf 88' lang='lat' dir='ltr'><strong>Tibi</strong></span> <span class='ocrx_word' id='word_1_51' title='bbox 698 1486 882 1560; x_wconf 89' lang='lat' dir='ltr'><strong>bisce</strong></span> <span class='ocrx_word' id='word_1_52' title='bbox 937 1483 1228 1563; x_wconf 80' lang='lat' dir='ltr'><strong>Litteris</strong></span> <span class='ocrx_word' id='word_1_53' title='bbox 1288 1490 1682 1562; x_wconf 75' lang='lat' dir='ltr'><strong>tribuimus,</strong></span> 
     </span>
    </p>

    <p class='ocr_par' dir='ltr' id='par_1_4' title="bbox 258 1604 2454 3507">
     <span class='ocr_line' id='line_1_10' title="bbox 535 1604 2445 1713; baseline 0.001 -32"><span class='ocrx_word' id='word_1_54' title='bbox 535 1604 681 1701; x_wconf 81' lang='lat' dir='ltr'><strong>Age</strong></span> <span class='ocrx_word' id='word_1_55' title='bbox 736 1607 994 1703; x_wconf 85' lang='lat' dir='ltr'><strong>itaque,</strong></span> <span class='ocrx_word' id='word_1_56' title='bbox 1050 1632 1129 1683; x_wconf 89' lang='lat' dir='ltr'><strong>ac</strong></span> <span class='ocrx_word' id='word_1_57' title='bbox 1182 1608 1427 1684; x_wconf 80' lang='lat' dir='ltr'><strong>divino</strong></span> <span class='ocrx_word' id='word_1_58' title='bbox 1484 1610 1735 1713; x_wconf 82' lang='lat' dir='ltr'><strong>auxilio</strong></span> <span class='ocrx_word' id='word_1_59' title='bbox 1790 1612 2010 1686; x_wconf 86' lang='lat' dir='ltr'><strong>fretus</strong></span> <span class='ocrx_word' id='word_1_60' title='bbox 2066 1612 2264 1703; x_wconf 85' lang='lat' dir='ltr'><strong>operi</strong></span> <span class='ocrx_word' id='word_1_61' title='bbox 2295 1632 2445 1686; x_wconf 86' lang='lat' dir='ltr'><strong>ma-</strong></span> 
     </span>
     <span class='ocr_line' id='line_1_11' title="bbox 318 1726 2450 1826; baseline 0 -25"><span class='ocrx_word' id='word_1_62' title='bbox 318 1750 493 1801; x_wconf 89' lang='lat' dir='ltr'><strong>num</strong></span> <span class='ocrx_word' id='word_1_63' title='bbox 546 1729 869 1803; x_wconf 75' lang='lat' dir='ltr'><strong>alacriter</strong></span> <span class='ocrx_word' id='word_1_64' title='bbox 915 1731 1255 1819; x_wconf 81' lang='lat' dir='ltr'><strong>admove3</strong></span> <span class='ocrx_word' id='word_1_65' title='bbox 1306 1732 1519 1804; x_wconf 82' lang='lat' dir='ltr'><strong>et&#39;ad</strong></span> <span class='ocrx_word' id='word_1_66' title='bbox 1571 1754 1721 1815; x_wconf 76' lang='lat' dir='ltr'><strong>coS,</strong></span> <span class='ocrx_word' id='word_1_67' title='bbox 1758 1752 1937 1826; x_wconf 85' lang='lat' dir='ltr'><strong>quos</strong></span> <span class='ocrx_word' id='word_1_68' title='bbox 1969 1728 2112 1825; x_wconf 87' lang='lat' dir='ltr'><strong>Ipsi</strong></span> <span class='ocrx_word' id='word_1_69' title='bbox 2143 1753 2267 1825; x_wconf 88' lang='lat' dir='ltr'><strong>per</strong></span> <span class='ocrx_word' id='word_1_70' title='bbox 2305 1726 2450 1803; x_wconf 81' lang='lat' dir='ltr'><strong>Nos</strong></span> 
     </span>
     <span class='ocr_line' id='line_1_12' title="bbox 322 1846 2450 1945; baseline 0.001 -24"><span class='ocrx_word' id='word_1_71' title='bbox 322 1850 637 1922; x_wconf 84' lang='lat' dir='ltr'><strong>invisere</strong></span> <span class='ocrx_word' id='word_1_72' title='bbox 692 1872 831 1924; x_wconf 90' lang='lat' dir='ltr'><strong>non</strong></span> <span class='ocrx_word' id='word_1_73' title='bbox 886 1872 1280 1945; x_wconf 78' lang='lat' dir='ltr'><strong>possumuS,</strong></span> <span class='ocrx_word' id='word_1_74' title='bbox 1340 1873 1555 1945; x_wconf 77' lang='lat' dir='ltr'><strong>perge</strong></span> <span class='ocrx_word' id='word_1_75' title='bbox 1612 1853 1983 1924; x_wconf 88' lang='lat' dir='ltr'><strong>velociter.</strong></span> <span class='ocrx_word' id='word_1_76' title='bbox 2019 1846 2450 1927; x_wconf 84' lang='lat' dir='ltr'><strong>Confidimus</strong></span> 
     </span>
     <span class='ocr_line' id='line_1_13' title="bbox 319 1966 2450 2045; baseline 0.001 -4"><span class='ocrx_word' id='word_1_77' title='bbox 319 1972 517 2041; x_wconf 89' lang='lat' dir='ltr'><strong>enim</strong></span> <span class='ocrx_word' id='word_1_78' title='bbox 572 1966 1058 2045; x_wconf 81' lang='lat' dir='ltr'><strong>Beatissimam</strong></span> <span class='ocrx_word' id='word_1_79' title='bbox 1114 1968 1243 2045; x_wconf 88' lang='lat' dir='ltr'><strong>Dei</strong></span> <span class='ocrx_word' id='word_1_80' title='bbox 1296 1968 1730 2044; x_wconf 85' lang='lat' dir='ltr'><strong>Genitricem</strong></span> <span class='ocrx_word' id='word_1_81' title='bbox 1786 1973 1932 2044; x_wconf 83' lang='lat' dir='ltr'><strong>sine</strong></span> <span class='ocrx_word' id='word_1_82' title='bbox 1985 1972 2146 2044; x_wconf 87' lang='lat' dir='ltr'><strong>labe</strong></span> <span class='ocrx_word' id='word_1_83' title='bbox 2209 1990 2450 2044; x_wconf 89' lang='lat' dir='ltr'><strong>conce-</strong></span> 
     </span>
     <span class='ocr_line' id='line_1_14' title="bbox 321 2086 2446 2187; baseline 0 -25"><span class='ocrx_word' id='word_1_84' title='bbox 321 2101 547 2183; x_wconf 87' lang='lat' dir='ltr'><strong>ptam,</strong></span> <span class='ocrx_word' id='word_1_85' title='bbox 604 2103 679 2164; x_wconf 88' lang='lat' dir='ltr'><strong>et</strong></span> <span class='ocrx_word' id='word_1_86' title='bbox 730 2086 805 2163; x_wconf 88' lang='lat' dir='ltr'><strong>S.</strong></span> <span class='ocrx_word' id='word_1_87' title='bbox 872 2088 1310 2184; x_wconf 79' lang='lat' dir='ltr'><strong>Gregorium,</strong></span> <span class='ocrx_word' id='word_1_88' title='bbox 1366 2091 1487 2187; x_wconf 90' lang='lat' dir='ltr'><strong>qui</strong></span> <span class='ocrx_word' id='word_1_89' title='bbox 1544 2088 1923 2165; x_wconf 80' lang='lat' dir='ltr'><strong>Armeniae</strong></span> <span class='ocrx_word' id='word_1_90' title='bbox 1982 2092 2207 2184; x_wconf 81' lang='lat' dir='ltr'><strong>gentis</strong></span> <span class='ocrx_word' id='word_1_91' title='bbox 2278 2112 2446 2165; x_wconf 84' lang='lat' dir='ltr'><strong>vere</strong></span> 
     </span>
     <span class='ocr_line' id='line_1_15' title="bbox 258 2206 2450 2307; baseline 0.001 -26"><span class='ocrx_word' id='word_1_92' title='bbox 258 2263 271 2273; x_wconf 90' lang='lat'><strong>.</strong></span> <span class='ocrx_word' id='word_1_93' title='bbox 320 2206 771 2285; x_wconf 85' lang='lat' dir='ltr'><strong>Illuminator</strong></span> <span class='ocrx_word' id='word_1_94' title='bbox 824 2214 1062 2285; x_wconf 77' lang='lat' dir='ltr'><strong>extitit</strong></span> <span class='ocrx_word' id='word_1_95' title='bbox 1116 2225 1188 2285; x_wconf 91' lang='lat' dir='ltr'><strong>et</strong></span> <span class='ocrx_word' id='word_1_96' title='bbox 1239 2211 1613 2307; x_wconf 85' lang='lat' dir='ltr'><strong>Apostolus</strong></span> <span class='ocrx_word' id='word_1_97' title='bbox 1645 2262 1668 2296; x_wconf 92' lang='lat'>‚</span> <span class='ocrx_word' id='word_1_98' title='bbox 1737 2232 2013 2285; x_wconf 87' lang='lat' dir='ltr'><strong>omnem</strong></span> <span class='ocrx_word' id='word_1_99' title='bbox 2068 2210 2356 2304; x_wconf 75' lang='lat' dir='ltr'><strong>gratiam</strong></span> <span class='ocrx_word' id='word_1_100' title='bbox 2409 2234 2450 2283; x_wconf 89' lang='lat' dir='ltr'><strong>a</strong></span> 
     </span>
     <span class='ocr_line' id='line_1_16' title="bbox 320 2326 2452 2424; baseline 0.002 -23"><span class='ocrx_word' id='word_1_101' title='bbox 320 2326 485 2405; x_wconf 88' lang='lat' dir='ltr'><strong>lesu</strong></span> <span class='ocrx_word' id='word_1_102' title='bbox 537 2326 815 2404; x_wconf 85' lang='lat' dir='ltr'><strong>Christo</strong></span> <span class='ocrx_word' id='word_1_103' title='bbox 868 2328 1165 2405; x_wconf 89' lang='lat' dir='ltr'><strong>Domino</strong></span> <span class='ocrx_word' id='word_1_104' title='bbox 1220 2327 1473 2405; x_wconf 88' lang='lat' dir='ltr'><strong>Nostro</strong></span> <span class='ocrx_word' id='word_1_105' title='bbox 1529 2352 1686 2405; x_wconf 89' lang='lat' dir='ltr'><strong>esse</strong></span> <span class='ocrx_word' id='word_1_106' title='bbox 1755 2334 2243 2424; x_wconf 77' lang='lat' dir='ltr'><strong>impetraturos</strong></span> <span class='ocrx_word' id='word_1_107' title='bbox 2277 2380 2300 2417; x_wconf 92' lang='lat'><strong>,</strong></span> <span class='ocrx_word' id='word_1_108' title='bbox 2369 2344 2452 2405; x_wconf 87' lang='lat' dir='ltr'><strong>ut</strong></span> 
     </span>
     <span class='ocr_line' id='line_1_17' title="bbox 322 2446 2448 2546; baseline 0 -25"><span class='ocrx_word' id='word_1_109' title='bbox 322 2452 446 2544; x_wconf 82' lang='lat' dir='ltr'><strong>qui</strong></span> <span class='ocrx_word' id='word_1_110' title='bbox 504 2452 575 2522; x_wconf 89' lang='lat' dir='ltr'><strong>in</strong></span> <span class='ocrx_word' id='word_1_111' title='bbox 628 2446 814 2523; x_wconf 90' lang='lat' dir='ltr'><strong>Eum</strong></span> <span class='ocrx_word' id='word_1_112' title='bbox 868 2473 1227 2544; x_wconf 87' lang='lat' dir='ltr'><strong>speramus</strong></span> <span class='ocrx_word' id='word_1_113' title='bbox 1280 2472 1420 2524; x_wconf 89' lang='lat' dir='ltr'><strong>non</strong></span> <span class='ocrx_word' id='word_1_114' title='bbox 1476 2451 2011 2535; x_wconf 81' lang='lat' dir='ltr'><strong>confundamur,</strong></span> <span class='ocrx_word' id='word_1_115' title='bbox 2073 2464 2142 2523; x_wconf 89' lang='lat' dir='ltr'><strong>ct</strong></span> <span class='ocrx_word' id='word_1_116' title='bbox 2199 2451 2448 2546; x_wconf 86' lang='lat' dir='ltr'><strong>quide</strong></span> 
     </span>
     <span class='ocr_line' id='line_1_18' title="bbox 325 2564 2451 2672; baseline 0 -29"><span class='ocrx_word' id='word_1_117' title='bbox 325 2572 547 2644; x_wconf 83' lang='lat' dir='ltr'><strong>tantis</strong></span> <span class='ocrx_word' id='word_1_118' title='bbox 586 2571 799 2672; x_wconf 20' lang='lat' dir='ltr'><strong>‘malis</strong></span> <span class='ocrx_word' id='word_1_119' title='bbox 849 2571 1227 2656; x_wconf 90' lang='lat' dir='ltr'><strong>doluimus,</strong></span> <span class='ocrx_word' id='word_1_120' title='bbox 1284 2573 1466 2646; x_wconf 85' lang='lat' dir='ltr'><strong>laeta</strong></span> <span class='ocrx_word' id='word_1_121' title='bbox 1524 2572 1596 2643; x_wconf 90' lang='lat' dir='ltr'><strong>in</strong></span> <span class='ocrx_word' id='word_1_122' title='bbox 1651 2570 1809 2643; x_wconf 85' lang='lat' dir='ltr'><strong>filiis</strong></span> <span class='ocrx_word' id='word_1_123' title='bbox 1873 2564 2144 2645; x_wconf 82' lang='lat' dir='ltr'><strong>Nostris</strong></span> <span class='ocrx_word' id='word_1_124' title='bbox 2199 2591 2451 2668; x_wconf 82' lang='lat' dir='ltr'><strong>conso-</strong></span> 
     </span>
     <span class='ocr_line' id='line_1_19' title="bbox 322 2685 2451 2788; baseline -0.001 -24"><span class='ocrx_word' id='word_1_125' title='bbox 322 2690 591 2764; x_wconf 76' lang='lat' dir='ltr'><strong>latione</strong></span> <span class='ocrx_word' id='word_1_126' title='bbox 633 2693 971 2766; x_wconf 83' lang='lat' dir='ltr'><strong>fruamur.</strong></span> <span class='ocrx_word' id='word_1_127' title='bbox 1002 2687 1099 2765; x_wconf 81' lang='lat' dir='ltr'><strong>Et</strong></span> <span class='ocrx_word' id='word_1_128' title='bbox 1136 2693 1429 2767; x_wconf 85' lang='lat' dir='ltr'><strong>huiusce</strong></span> <span class='ocrx_word' id='word_1_129' title='bbox 1460 2693 1656 2776; x_wconf 89' lang='lat' dir='ltr'><strong>boni,</strong></span> <span class='ocrx_word' id='word_1_130' title='bbox 1687 2693 1874 2785; x_wconf 87' lang='lat' dir='ltr'><strong>quod</strong></span> <span class='ocrx_word' id='word_1_131' title='bbox 1911 2689 2082 2788; x_wconf 82' lang='lat' dir='ltr'><strong>fusis</strong></span> <span class='ocrx_word' id='word_1_132' title='bbox 2110 2690 2197 2764; x_wconf 88' lang='lat' dir='ltr'><strong>ad</strong></span> <span class='ocrx_word' id='word_1_133' title='bbox 2231 2685 2451 2762; x_wconf 87' lang='lat' dir='ltr'><strong>Deum</strong></span> 
     </span>
     <span class='ocr_line' id='line_1_20' title="bbox 323 2808 2452 2906; baseline -0 -23"><span class='ocrx_word' id='word_1_134' title='bbox 323 2810 650 2905; x_wconf 89' lang='lat' dir='ltr'><strong>precibus</strong></span> <span class='ocrx_word' id='word_1_135' title='bbox 682 2812 953 2885; x_wconf 77' lang='lat' dir='ltr'><strong>assidue</strong></span> <span class='ocrx_word' id='word_1_136' title='bbox 1010 2810 1503 2906; x_wconf 86' lang='lat' dir='ltr'><strong>adprecamur,</strong></span> <span class='ocrx_word' id='word_1_137' title='bbox 1546 2813 1993 2905; x_wconf 89' lang='lat' dir='ltr'><strong>omniumque</strong></span> <span class='ocrx_word' id='word_1_138' title='bbox 2043 2808 2452 2883; x_wconf 79' lang='lat' dir='ltr'><strong>caelestium</strong></span> 
     </span>
     <span class='ocr_line' id='line_1_21' title="bbox 322 2925 2454 3027; baseline -0 -23"><span class='ocrx_word' id='word_1_139' title='bbox 322 2953 700 3007; x_wconf 87' lang='lat' dir='ltr'><strong>munerum</strong></span> <span class='ocrx_word' id='word_1_140' title='bbox 756 2934 1136 3026; x_wconf 82' lang='lat' dir='ltr'><strong>auspicem,</strong></span> <span class='ocrx_word' id='word_1_141' title='bbox 1168 2944 1241 3005; x_wconf 78' lang='lat' dir='ltr'><strong>et</strong></span> <span class='ocrx_word' id='word_1_142' title='bbox 1278 2933 1707 3027; x_wconf 81' lang='lat' dir='ltr'><strong>praecipuae</strong></span> <span class='ocrx_word' id='word_1_143' title='bbox 1761 2927 2058 3004; x_wconf 85' lang='lat' dir='ltr'><strong>Nostrae</strong></span> <span class='ocrx_word' id='word_1_144' title='bbox 2088 2931 2162 3004; x_wconf 88' lang='lat' dir='ltr'><strong>in</strong></span> <span class='ocrx_word' id='word_1_145' title='bbox 2193 2925 2295 3002; x_wconf 83' lang='lat' dir='ltr'><strong>Te</strong></span> <span class='ocrx_word' id='word_1_146' title='bbox 2331 2929 2454 3003; x_wconf 88' lang='lat' dir='ltr'><strong>be-</strong></span> 
     </span>
     <span class='ocr_line' id='line_1_22' title="bbox 320 3051 2450 3146; baseline -0 -21"><span class='ocrx_word' id='word_1_147' title='bbox 320 3055 771 3126; x_wconf 83' lang='lat' dir='ltr'><strong>nevolentiae</strong></span> <span class='ocrx_word' id='word_1_148' title='bbox 825 3054 1094 3146; x_wconf 82' lang='lat' dir='ltr'><strong>pignus,</strong></span> <span class='ocrx_word' id='word_1_149' title='bbox 1154 3051 1647 3146; x_wconf 84' lang='lat' dir='ltr'><strong>Apostolicam</strong></span> <span class='ocrx_word' id='word_1_150' title='bbox 1703 3051 2262 3126; x_wconf 86' lang='lat' dir='ltr'><strong>benedictionem</strong></span> <span class='ocrx_word' id='word_1_151' title='bbox 2303 3061 2450 3124; x_wconf 86' lang='lat' dir='ltr'><strong>toto</strong></span> 
     </span>
     <span class='ocr_line' id='line_1_23' title="bbox 322 3167 2449 3266; baseline -0.002 -19"><span class='ocrx_word' id='word_1_152' title='bbox 322 3175 565 3248; x_wconf 86' lang='lat' dir='ltr'><strong>cordis</strong></span> <span class='ocrx_word' id='word_1_153' title='bbox 621 3173 876 3246; x_wconf 80' lang='lat' dir='ltr'><strong>affectu</strong></span> <span class='ocrx_word' id='word_1_154' title='bbox 908 3169 1099 3259; x_wconf 89' lang='lat' dir='ltr'><strong>Tibi,</strong></span> <span class='ocrx_word' id='word_1_155' title='bbox 1129 3167 1307 3246; x_wconf 81' lang='lat' dir='ltr'><strong>Ven.</strong></span> <span class='ocrx_word' id='word_1_156' title='bbox 1365 3169 1639 3257; x_wconf 85' lang='lat' dir='ltr'><strong>Frater,</strong></span> <span class='ocrx_word' id='word_1_157' title='bbox 1676 3173 2096 3266; x_wconf 86' lang='lat' dir='ltr'><strong>cunctisque</strong></span> <span class='ocrx_word' id='word_1_158' title='bbox 2125 3168 2449 3252; x_wconf 87' lang='lat' dir='ltr'><strong>Clericis,</strong></span> 
     </span>
     <span class='ocr_line' id='line_1_24' title="bbox 322 3289 2453 3390; baseline -0.002 -24"><span class='ocrx_word' id='word_1_159' title='bbox 322 3289 697 3388; x_wconf 87' lang='lat' dir='ltr'><strong>Laicisque</strong></span> <span class='ocrx_word' id='word_1_160' title='bbox 724 3289 1079 3367; x_wconf 87' lang='lat' dir='ltr'><strong>Fidelibus</strong></span> <span class='ocrx_word' id='word_1_161' title='bbox 1110 3306 1276 3370; x_wconf 85' lang='lat' dir='ltr'><strong>tuae</strong></span> <span class='ocrx_word' id='word_1_162' title='bbox 1307 3313 1522 3368; x_wconf 86' lang='lat' dir='ltr'><strong>curae</strong></span> <span class='ocrx_word' id='word_1_163' title='bbox 1554 3292 2054 3366; x_wconf 86' lang='lat' dir='ltr'><strong>commendatis</strong></span> <span class='ocrx_word' id='word_1_164' title='bbox 2083 3311 2453 3390; x_wconf 82' lang='lat' dir='ltr'><strong>peraman-</strong></span> 
     </span>
     <span class='ocr_line' id='line_1_25' title="bbox 324 3415 961 3507; baseline -0.002 -21"><span class='ocrx_word' id='word_1_165' title='bbox 324 3427 439 3486; x_wconf 86' lang='lat' dir='ltr'><strong>ter</strong></span> <span class='ocrx_word' id='word_1_166' title='bbox 494 3415 961 3507; x_wconf 80' lang='lat' dir='ltr'><strong>impertimus,</strong></span> 
     </span>
    </p>
   </div>
   <div class='ocr_carea' id='block_1_3' title="bbox 324 3525 2454 3729">
    <p class='ocr_par' dir='ltr' id='par_1_5' title="bbox 324 3525 2454 3729">
     <span class='ocr_line' id='line_1_26' title="bbox 542 3525 2454 3628; baseline -0.001 -22"><span class='ocrx_word' id='word_1_167' title='bbox 542 3529 799 3607; x_wconf 88' lang='lat' dir='ltr'><strong>Datum</strong></span> <span class='ocrx_word' id='word_1_168' title='bbox 852 3529 1116 3607; x_wconf 84' lang='lat' dir='ltr'><strong>Romae</strong></span> <span class='ocrx_word' id='word_1_169' title='bbox 1172 3534 1356 3628; x_wconf 86' lang='lat' dir='ltr'><strong>apud</strong></span> <span class='ocrx_word' id='word_1_170' title='bbox 1394 3529 1470 3607; x_wconf 90' lang='lat' dir='ltr'><strong>S.</strong></span> <span class='ocrx_word' id='word_1_171' title='bbox 1505 3532 1801 3608; x_wconf 88' lang='lat' dir='ltr'><strong>Petrum</strong></span> <span class='ocrx_word' id='word_1_172' title='bbox 1855 3535 1971 3606; x_wconf 90' lang='lat' dir='ltr'><strong>die</strong></span> <span class='ocrx_word' id='word_1_173' title='bbox 2009 3525 2116 3607; x_wconf 63' lang='lat' dir='ltr'><strong>2AE</strong></span> <span class='ocrx_word' id='word_1_174' title='bbox 2145 3529 2454 3606; x_wconf 87' lang='lat' dir='ltr'><strong>Februa·</strong></span> 
     </span>
     <span class='ocr_line' id='line_1_27' title="bbox 324 3645 2214 3729; baseline -0.001 -3"><span class='ocrx_word' id='word_1_175' title='bbox 324 3655 415 3726; x_wconf 89' lang='lat' dir='ltr'><strong>rii</strong></span> <span class='ocrx_word' id='word_1_176' title='bbox 476 3676 596 3726; x_wconf 87' lang='lat' dir='ltr'><strong>an.</strong></span> <span class='ocrx_word' id='word_1_177' title='bbox 658 3645 863 3727; x_wconf 78' lang='lat'>1870</span> <span class='ocrx_word' id='word_1_178' title='bbox 919 3650 1377 3729; x_wconf 78' lang='lat' dir='ltr'><strong>Pontificatus</strong></span> <span class='ocrx_word' id='word_1_179' title='bbox 1432 3649 1671 3727; x_wconf 88' lang='lat' dir='ltr'><strong>Nostri</strong></span> <span class='ocrx_word' id='word_1_180' title='bbox 1729 3676 1909 3727; x_wconf 90' lang='lat' dir='ltr'><strong>anno</strong></span> <span class='ocrx_word' id='word_1_181' title='bbox 1965 3649 2214 3726; x_wconf 84' lang='lat' dir='ltr'>XXIV.</span> 
     </span>
    </p>
   </div>
   <div class='ocr_carea' id='block_1_4' title="bbox 1095 4007 1687 4089">
    <p class='ocr_par' dir='ltr' id='par_1_6' title="bbox 1095 4007 1687 4089">
     <span class='ocr_line' id='line_1_28' title="bbox 1095 4007 1687 4089; baseline -0.002 -2"><span class='ocrx_word' id='word_1_182' title='bbox 1095 4007 1303 4088; x_wconf 82' lang='lat' dir='ltr'>PIVS</span> <span class='ocrx_word' id='word_1_183' title='bbox 1352 4010 1501 4089; x_wconf 89' lang='lat' dir='ltr'><strong>PP.</strong></span> <span class='ocrx_word' id='word_1_184' title='bbox 1564 4010 1687 4087; x_wconf 87' lang='lat' dir='ltr'><strong>lx.</strong></span> 
     </span>
    </p>
   </div>
  </div>
 </body>
</html>
