3292 5275
876 508 1049 593 m

878 652 968 725 ab·
990 658 1259 727 eorum
1312 655 1696 729 maioribus
1747 666 2171 748 receperunt
2201 664 2276 727 et
2313 656 2764 747 incorruptos
2795 678 2882 729 ae
2921 658 3008 729 il-

876 772 1133 845 libatos
1186 795 1257 845 se
1312 785 1650 869 perpetuo
1704 786 2100 849 servaturos
2154 777 2712 849 conclamarunt.

964 926 971 935 ·
1031 900 1039 907 ‘
1090 889 1230 967 Nos
1286 906 1526 967 autem
1562 892 1810 969 Deum
1865 898 2194 968 omnibus
2249 898 2578 989 precibus
2617 920 2819 971 orare
2863 920 3008 973 non

881 1015 1435 1101 intermittimus,
1496 1029 1575 1089 ut
1623 1019 1834 1091 dives
1891 1016 1960 1086 iu
2017 1018 2494 1091 misericordia
2551 1022 2788 1092 lumen
2841 1042 3012 1111 gra·-

885 1139 1027 1209 tiae
1102 1158 1269 1210 suae
1326 1139 1401 1209 in
1456 1136 1668 1213 corda
1751 1160 2022 1223 eorum,
2081 1142 2202 1233 qui
2289 1162 2499 1215 omne
2579 1150 2834 1213 contra
2901 1142 3006 1211 fas

882 1252 1373 1347 Chelmensem
1408 1254 1796 1334 Dioecesim
1834 1262 2200 1345 divexant,
2231 1262 2608 1334 clementer
2665 1248 3008 1341 effundat,

884 1399 973 1452 ac
1022 1382 1227 1453 simu'l
1283 1382 1551 1458 miseris
1584 1383 1721 1454 illis
1760 1383 2072 1455 fidelibus
2129 1386 2321 1456 omni
2382 1404 2672 1475 prorsus
2733 1382 3010 1457 auxilio

885 1510 957 1573 et
1014 1500 1351 1595 spirituali
1406 1504 1734 1595 regimine
1773 1503 2128 1577 destitutis
2166 1516 2514 1598 potentem
2554 1526 2748 1578 suam
2785 1524 2996 1597 opem

887 1618 1153 1706 afferat,
1208 1634 1279 1695 et
1317 1636 1612 1716 optatae
1661 1624 2186 1718 tranquillitatis
2243 1628 2568 1699 solatium
2625 1627 2994 1697 acceleret.

938 1771 967 1798 ·-
1027 1798 1035 1806 .
1096 1737 1271 1817 Post
1324 1744 1495 1817 haec
1550 1740 1719 1830 Vos,
1761 1740 2202 1819 venerabiles
2263 1742 2560 1834 FratreS,
2607 1748 2732 1840 qui
2789 1756 3000 1817 tauto

746 1960 751 1965 “
888 1863 1123 1937 studio
1174 1886 1263 1937 ac
1314 1866 1658 1958 siugulari
1723 1868 1874 1939 zelo
1949 1867 2440 1941 demandatam
2512 1863 3010 1939 Ruthenorum

888 2006 1132 2058 euram
1204 1986 1641 2081 suscepistis,
1697 1990 1910 2061 etiam
1963 1990 2034 2061 in
2091 1985 2394 2062 Domino
2464 1990 2872 2071 hortamur,
2931 1998 3018 2058 ut

888 2108 1287 2198 liturgicam
1324 2108 1768 2204 disciplinam
1803 2111 1888 2181 ab
1927 2108 2333 2205 Apostolica
2387 2104 2566 2183 Sede
2597 2110 3014 2202 probatam,

886 2231 1031 2301 vel·
1060 2230 1305 2302 eadem
1372 2231 1643 2304 sciente
1722 2242 1796 2304 et
1851 2251 1990 2305 non
2043 2231 2568 2303 contradicente
2642 2230 3018 2305 invectam

892 2350 1217 2440 religiose
1288 2353 1653 2436 tueamini,
1710 2354 1964 2444 quavis
2037 2354 2490 2427 innovatione
2547 2352 2841 2443 penitus
2901 2351 3023 2422 in-

889 2470 1215 2555 terdicta,
1273 2483 1345 2545 et
1398 2480 1797 2546 accuratam
1877 2468 2246 2548 Sacrorum
2319 2468 2688 2545 Canonum
2743 2473 2885 2545 hac
2945 2474 3024 2542 in

892 2612 969 2664 re
1024 2594 1397 2680 editorum,
1436 2616 1517 2668 ac
1572 2595 2009 2690 potissimum
2063 2591 2522 2668 Zamoscenae
2577 2588 2850 2688 Synodi
2899 2614 3028 2667 cu-

890 2715 1188 2788 stodiam
1253 2712 1587 2790 Parochis
1638 2729 1852 2812 atque
1889 2713 2380 2791 Sacerdotibus
2433 2719 2550 2788 vel
2603 2737 2732 2810 per
2801 2735 3030 2788 seve-

893 2837 1238 2923 rissimas,
1298 2839 1358 2910 si
1414 2861 1593 2931 opus
1621 2841 1858 2923 fuerit,
1900 2859 2284 2932 poenarum
2343 2838 2752 2940 sanctiones
2811 2857 3024 2928 prae-

894 2956 1287 3049 cipiendam
1368 2957 1652 3032 curetis.
1738 2955 1988 3050 Agitur
2049 2959 2232 3032 enim
2288 2959 2374 3030 de
2435 2977 2511 3029 re
2575 2957 3024 3051 gravissima,

892 3076 1225 3150 videlicet
1262 3079 1349 3150 de
1406 3080 1631 3153 salute
1687 3079 2101 3164 animarum,
2159 3101 2316 3152 cum
2375 3079 2777 3168 illegitimae
2821 3057 3036 3147 inno-

891 3195 1209 3272 vationes
1264 3201 1682 3274 catholicam
1737 3195 1983 3276 Fidem
2019 3213 2090 3274 et
2143 3209 2464 3273 sanctam
2514 3193 3024 3270 Ruthenorum

896 3323 1235 3392 unionem
1290 3320 1361 3392 in
1446 3341 1796 3393 summum
1877 3321 2254 3394 discrimen
2319 3321 2700 3393 adducant.
2763 3311 3042 3405 Quam-

894 3437 1139 3512 obrem
1190 3437 1361 3512 nulli
1414 3457 1654 3524 curae,
1695 3443 1870 3520 nulli
1919 3443 2140 3514 labori
2179 3438 2601 3534 parcendum
2639 3450 2778 3520 est,
2825 3437 3042 3508 nihil-

894 3581 1039 3654 que
1095 3562 1521 3633 intentatum
1576 3562 1881 3656 relinqui
1923 3561 2160 3648 debet,
2201 3581 2342 3656 quo
2397 3559 2764 3630 universae
2819 3557 2898 3628 in
2955 3579 3040 3629 re

894 3679 1223 3771 liturgica
1278 3681 1844 3772 perturbationes
1902 3684 2064 3755 istic
2093 3703 2134 3754 a
2180 3681 2426 3776 pravis
2463 3676 2878 3751 hominibus
2907 3697 3046 3748 ex-

900 3799 1163 3875 cita‘ta'e
1200 3800 1313 3874 vel
1370 3799 1456 3870 ab
1492 3821 1740 3875 eorum
1798 3802 2189 3894 primordiis
2241 3802 2529 3895 penitus
2565 3797 3050 3890 comprimun-

896 3919 1049 3997 tur:
1087 3919 1364 4016 ‘quibus
1416 3923 1826 3995 muneribus
1883 3923 2166 3994 fortiter
2201 3935 2275 3994 et
2313 3917 2632 3994 suaviter
2687 3919 3042 3992 obeundis

892 4039 1073 4130 -Vos,
1113 4038 1568 4116 venerabiles
1622 4040 1946 4128 FratreS,
1987 4039 2116 4114 Dei
2175 4041 2566 4134 opitulante
2607 4039 2864 4130 gratia,
2903 4039 3050 4110 mi-

898 4167 1087 4237 nime
1140 4163 1505 4237 defuturos
1536 4162 1980 4236 confidimus,

896 4319 929 4328 -
1054 4279 1451 4373 :Quod-nt
1490 4282 1796 4359 feliciter
1853 4281 2218 4377 contingat
2276 4279 2740 4377 Apostolicam
2801 4275 3052 4352 Bene-

900 4400 1273 4492 die‘timem
1310 4399 1551 4490 Vobis,
1592 4398 2382 4490 venerabiles-³Friitros,
2417 4415 2489 4475 et
2545 4401 2878 4498 gregibus
2905 4423 3052 4474 cu-
