3292 5275
2283 443 2432 529 103

310 598 397 660 ut
438 585 591 660 iam
647 585 1125 659 schismaticus
1164 575 1271 681 (1)
1310 594 1383 658 et
1422 593 1748 677 peccator
1803 585 1923 667 sit,
1963 586 2082 678 qui
2141 587 2436 662 alteram

312 708 611 782 collocet
666 720 911 780 contra
988 706 1417 798 singularem
1484 699 1567 774 B.
1624 699 1824 776 Petri
1881 704 2286 778 cathedram
2315 755 2336 796 ,
2393 731 2436 782 a

312 850 452 924 qua
509 822 615 926 (2)
670 830 749 900 in
802 835 1045 902 omncs
1098 825 1537 900 venerandae
1592 825 2096 899 communionis
2137 827 2292 900 iura
2327 828 2441 900 di-

312 960 627 1022 manant.

320 1140 332 1150 ,
420 1061 493 1142 9.
552 1064 630 1140 Id
685 1065 991 1162 profecto
1048 1087 1193 1138 non
1228 1067 1439 1143 latuit
1474 1061 1946 1139 Orientalium
1981 1068 2442 1144 ecclesiarum

312 1189 915 1282 praeclarissimos
995 1183 1438 1280 Episcop0s3
1491 1209 1631 1282 qua
1707 1187 1792 1258 de
1875 1209 1950 1260 re
2033 1189 2108 1260 in
2175 1191 2440 1284 synodo

313 1305 933 1401 Constantinopoli
988 1308 1341 1380 celebrata
1402 1329 1585 1380 anno
1640 1299 1851 1390 536,
1907 1303 2199 1382 Mennas
2253 1312 2446 1386 eius-

314 1432 474 1504 dem
530 1431 727 1504 urbis
780 1426 1177 1522 Episcopus
1218 1420 1323 1526 (3)
1382 1441 1621 1522 aperte
1677 1429 2086 1502 declarabat
2140 1435 2449 1523 proban-

318 1553 503 1624 tibus
558 1547 913 1634 Patribus,
984 1574 1017 1620 «
1078 1546 1243 1634 Nos,
1301 1551 1484 1623 sicut
1542 1551 1850 1622 charitas
1907 1563 2150 1626 vestra
2207 1556 2442 1643 novit,

320 1683 357 1744 ῃ
427 1655 893 1751 Apostolicam
949 1654 1205 1730 Sedem
1286 1659 1641 1750 sequimur
1724 1669 1796 1730 et
1880 1659 2292 1750 obedimus3
2375 1674 2448 1734 et

323 1804 357 1848 »
423 1780 645 1871 ipsius
683 1780 1344 1858 communicatores,
1391 1779 2022 1853 communicatores
2071 1781 2442 1870 habemus,

322 1924 357 1970 n
421 1911 493 1972 et
548 1900 1041 1972 condemnatos
1094 1899 1180 1970 ab
1237 1898 1411 1990 ipsa,
1471 1909 1543 1970 et
1608 1921 1733 1970 nos
1791 1901 2436 1974 condemnamus.»

317 2015 779 2094 Luculentius
834 2022 1050 2092 etiam
1088 2031 1158 2092 et
1194 2021 1626 2112 expressius,
1671 2015 1744 2089 S.
1787 2015 2125 2095 Maximus
2167 2014 2271 2120 (lt)
2309 2020 2453 2094 Ab·

316 2143 439 2214 bas
474 2139 1109 2234 Chrysopolitanus
1149 2151 1221 2212 et
1256 2139 1419 2214 fidei
1462 2143 1827 2213 confessor
1865 2143 1950 2213 de
1987 2137 2258 2235 Pyrrho
2295 2138 2452 2216 Mo-

316 2260 657 2336 nothelita
732 2282 947 2356 agens
1003 2260 1513 2353 profitebatur:
1583 2285 1616 2330 «
1681 2258 1758 2332 Si
1837 2265 1991 2336 vult
2047 2264 2448 2338 haereticus

324 2408 360 2455 n
424 2405 563 2456 non
618 2405 774 2456 esse
830 2404 1061 2477 neque
1117 2380 1387 2467 audire,
1448 2404 1589 2454 non
1646 2383 1768 2455 isti
1825 2395 1951 2457 aut
2006 2384 2106 2455 illi
2167 2385 2450 2458 satisfa-

326 2528 365 2574 »
429 2505 595 2592 ciat3
652 2502 1089 2595 superfluum
1144 2505 1409 2598 quippe
1466 2504 1595 2576 hoc
1653 2513 1727 2577 et
1781 2503 2261 2604 irrationabile
2312 2515 2448 2578 este

328 2651 363 2697 >³
428 2628 594 2720 quia
650 2626 829 2697 sicut
884 2646 1028 2700 uno
1085 2635 1327 2697 contra
1392 2648 1557 2699 eum
1615 2627 2146 2713 scandalizato,
2203 2648 2452 2720 omnes

328 2770 365 2817 »ι
434 2744 892 2817 scandalizati
952 2754 1145 2829 sunt,
1204 2743 1303 2817 ita
1357 2766 1638 2840 quoque
1697 2767 1837 2819 uno
1893 2748 2258 2821 satisfacto
2311 2769 2458 2821 om-

328 2890 364 2937 »
432 2886 557 2937 nes
613 2866 859 2957 procul
898 2865 1114 2937 dubio
1154 2864 1528 2937 satisfiunt.
1589 2860 1908 2937 Festinet
1947 2888 2073 2959 pro
2129 2868 2453 2941 omnibus

332 3012 368 3059 n
437 2982 601 3059 Sedi
656 2980 1013 3059 Romanae
1072 2988 1507 3059 satisfacere.
1596 2982 1748 3061 Hae
1802 2988 1988 3060 enim
2045 2991 2452 3073 satisfacta,

332 3131 368 3178 n
433 3109 893 3182 communiter
950 3108 1214 3201 ubique
1272 3128 1515 3179 omnes
1572 3108 1771 3201 pium
1847 3109 2034 3182 hunc
2088 3119 2162 3181 et
2213 3111 2458 3182 ortho-

334 3252 369 3301 »
440 3226 703 3300 doxum
759 3228 1291 3319 praedicabunt.
1351 3220 1523 3297 Nam
1584 3229 1847 3301 frustra
1911 3228 2226 3322 loquitur
2250 3206 2278 3311 ⁶,
2323 3230 2460 3321 ,qui

334 3372 371 3419 n
434 3349 605 3421 mihi
662 3349 922 3420 similes
981 3346 1377 3425 suadendos
1424 3370 1508 3422 ac
1552 3348 2027 3439 surripiendos
2085 3358 2332 3441 putat3
2386 3361 2459 3423 et

334 3493 371 3540 »
437 3491 579 3543 non
634 3468 973 3542 satisfacit
1029 3478 1099 3540 ct
1155 3456 1509 3561 implorat'
1566 3466 2047 3543 sanctissimae
2104 3450 2462 3544 Romano-

338 3613 373 3659 »
438 3611 595 3663 rum
653 3582 1012 3662 Ecclesiae
1068 3589 1548 3664 beatissimum
1603 3584 1870 3683 Papam
1906 3638 1926 3674 ,
1985 3586 2461 3683 id-est,Apo-

328 3736 372 3817 ²»
438 3711 754 3784 stolicam
793 3708 1071 3799 Sedem,
1128 3732 1311 3805 quae
1351 3707 1630 3803 abipso
1691 3712 2056 3838 incarnato
2115 3690 2464 3784 DeiVer-

464 3875 571 3959 ·(1)
616 3874 682 3942 S.
729 3875 953 3959 Optat.
998 3874 1229 3955 Milev.
1272 3876 1353 3941 dc
1394 3876 1653 3951 schism.
1701 3874 2024 3951 Domtist.
2067 3878 2182 3942 lib.
2222 3875 2290 3945 2.

492 3972 573 4055 (2)
617 3972 863 4037 Concil.
909 3971 1279 4053 Aquileien.
1325 3978 1392 4037 et
1455 3970 1519 4037 S.
1566 3972 1868 4069 Anibi-os.
1913 3990 2016 4055 ep.
2062 3969 2184 4071 XI·
2210 3972 2308 4035 ad·
2335 3968 2464 4037 Im-

332 4071 818 4240 perafgfelffabb.
854 4160 1131 4227 Collect.
1163 4158 1409 4227 Concil.
1460 4156 1631 4225 Edit.
1666 4157 1832 4226 Ven.
1879 4158 1952 4225 T.
1997 4156 2143 4225 Vll.
2191 4178 2247 4225 c.
2277 4155 2460 4225 1279.

418 4350 447 4419 l
494 4252 897 4420 (itgfflEinstol.
943 4256 1022 4320 ad
1064 4254 1333 4323 Petrum
1374 4256 1725 4323 illustrem.
1773 4254 1942 4323 Con.
1993 4252 2190 4325 Conc.
2238 4252 2312 4321 T.
2344 4250 2458 4319 VI.

338 4370 417 4421 co
452 4396 469 4417 .
681 4396 696 4414 .
