3292 5275
2306 506 2418 601 ,75

308 644 680 722 Decretum
714 697 736 735 ‚
792 670 936 743 quo
993 650 1304 721 eiusdem
1359 650 1695 724 erectioni
1752 647 2006 723 iamdiu
2062 650 2198 723 ruit
2250 669 2424 723 con-

308 769 618 855 sultum,
673 768 930 844 nullius
984 770 1254 845 roboris
1309 779 1382 841 et
1455 768 1747 845 effectus
1802 768 2099 862 amplius
2157 770 2231 842 in
2289 792 2424 864 po-

307 900 578 963 sterum
633 889 1142 963 consideretur.

627 1000 705 1083 3.
761 1004 943 1083 Dein
1018 1011 1105 1081 ad
1160 1012 1466 1084 civicum
1545 1010 1875 1103 oppidum
1929 998 2420 1104 Barquisimeti

305 1133 563 1205 iterum
619 1130 950 1203 eiusmodi
1005 1126 1449 1224 Episcopalis
1503 1127 1705 1207 Sedis
1760 1152 1923 1204 cum
1975 1132 2126 1203 eius
2183 1152 2423 1203 acces·-

303 1252 508 1325 soriis
561 1250 680 1323 fiat
735 1253 1122 1338 translatio,
1163 1263 1374 1346 atque
1413 1252 1663 1327 eadem
1718 1253 1803 1327 de
1858 1272 2050 1325 novo
2088 1252 2301 1325 etiam
2346 1250 2421 1328 in

301 1394 392 1445 eo
447 1374 788 1464 erigatur,
843 1383 916 1445 et
971 1370 1507 1463 redintegretur.

629 1485 700 1565 4.
763 1489 997 1587 Atque
1041 1494 1140 1567 ita
1183 1489 1628 1586 Apostolicae
1675 1488 1980 1567 Litterae
2028 1492 2155 1565 sub
2195 1493 2423 1585 plum-

303 1614 398 1685 bo
463 1636 498 1681 α
543 1609 652 1685 Ad
703 1608 1048 1685 Dominici
1103 1608 1276 1704 Agri
1330 1634 1568 1687 curam
1621 1636 1656 1681 υ
1721 1615 1795 1683 in
1848 1614 2125 1705 plenam
2180 1613 2422 1685 obser-

301 1732 620 1805 vantiam
674 1744 1120 1817 revocentur,
1181 1734 1464 1826 perinde
1529 1754 1610 1807 ac
1666 1736 1727 1805 si
1786 1754 2170 1827 numquam
2224 1756 2265 1805 a
2321 1732 2424 1804 ci-

301 1854 468 1925 vico
550 1854 803 1947 oppido
864 1850 1360 1948 Barquisimeti
1417 1849 1854 1946 Episcopalis
1921 1848 2138 1925 Sedes
2210 1851 2422 1924 fuerit

303 1974 672 2045 translata.

621 2084 696 2165 5.
757 2090 1143 2186 Propterea
1199 2090 1551 2167 Sanctitas
1633 2088 1776 2166 Sua
1832 2089 2205 2167 Decretum
2288 2095 2421 2166 hoc

301 2212 807 2286 Consistoriale
861 2216 1393 2307 suppressiorniS‚
1448 2215 1955 2298 translationiS‚
2012 2214 2414 2299 erectioniS,

300 2347 373 2407 et
415 2334 1033 2425 redintegrationis
1091 2334 1190 2405 ita
1247 2354 1522 2426 semper
1569 2334 1813 2406 haberi
1870 2356 1911 2406 a
1965 2336 2421 2427 quibuscum-

299 2478 444 2550 que
497 2454 756 2538 voluit,
815 2454 1108 2548 perinde
1165 2476 1248 2525 ac
1303 2457 1361 2543 si
1417 2456 1490 2527 in
1548 2454 1618 2525 id
1698 2474 1919 2527 novae
1973 2449 2418 2545 Apostolicae

301 2572 613 2650 Litterae
670 2578 818 2670 sive
873 2574 1005 2649 sub
1061 2573 1368 2666 plumbo,
1425 2572 1573 2646 sive
1629 2572 1699 2646 in
1756 2573 1975 2648 forma
2032 2570 2277 2647 Brevis
2331 2574 2418 2647 de

299 2719 494 2770 more
573 2697 864 2771 fuissent
926 2697 1350 2788 expeditae3
1412 2694 1782 2768 contrariis
1858 2696 2418 2789 quibuscumque

299 2819 594 2890 minime
655 2815 1123 2902 obstantibuS,
1168 2815 1278 2888 vel
1319 2815 1608 2908 speciali
1650 2837 1927 2909 quoque
1968 2816 2051 2887 ad
2096 2817 2228 2888 hoc
2282 2817 2421 2888 eis-

297 2939 458 3011 dem
513 2937 709 3010 illata
764 2935 1244 3028 derogatione.

624 3048 698 3131 6.
755 3053 986 3150 Atque
1025 3052 1110 3126 R.
1146 3051 1228 3127 P.
1263 3053 1352 3128 D.
1395 3054 1736 3132 Silvestro
1773 3055 2093 3130 Guevara
2135 3053 2421 3129 Archio-

297 3179 592 3270 piscopo
629 3173 1008 3250 Corocensi
1069 3187 1420 3271 tamquam
1459 3174 1861 3272 Apostolico
1900 3172 2236 3267 Delegato
2278 3177 2417 3248 hu-

300 3297 605 3370 iusmodi
647 3292 929 3369 Decreti
986 3295 1525 3390 exequutionem
1583 3296 1928 3370 commisit
1982 3316 2141 3369 cum
2196 3299 2421 3368 omni-

297 3418 432 3489 bus
490 3417 933 3489 facultatibus
973 3401 1407 3489 'necessariis
1464 3431 1536 3490 et
1610 3419 2045 3512 opportunis,
2089 3438 2219 3490 nec
2276 3439 2418 3488 non

297 3539 597 3610 alteram
651 3539 864 3610 etiam
919 3559 1292 3630 personam
1345 3537 1887 3630 subdelegandi‚
1946 3559 2129 3632 quae
2185 3550 2416 3610 tamen

297 3661 368 3730 in
429 3659 667 3752 aliqua
721 3653 1078 3731 Ecclesiae
1133 3660 1476 3751 dignitate
1531 3660 1621 3730 sit
1675 3661 2077 3732 constituta.

622 3770 698 3852 7.
758 3761 1056 3872 Insuper
1108 3775 1351 3851 Eidem
1389 3775 1800 3872 Apostolico
1837 3777 2170 3871 Delegato
2226 3774 2418 3852 Exe-

294 3901 612 3994 quutori,
671 3909 877 3993 atque
931 3899 1144 3971 etiam
1183 3894 1681 3972 Ecclesiastico
1737 3901 1895 3973 viro
1951 3900 2417 3990 subdelegan-

293 4022 388 4092 do
445 4019 836 4104 mandavit,
875 4021 980 4092 uti
1037 4019 1222 4093 intra
1281 4042 1403 4092 sex
1459 4041 1729 4092 menses
1780 4016 1963 4093 ‘Acta
2018 4021 2227 4095 huius
2276 4015 2417 4094 De-

293 4139 474 4212 creti
527 4140 1029 4214 executorialia
1062 4162 1294 4213 sacrae
1350 4141 1516 4214 huic
1553 4137 2094 4233 Congregationi
2132 4144 2414 4215 mittere

293 4259 651 4334 studeant.

617 4371 690 4453 8.
747 4375 1220 4470 Quamobrem
1272 4383 1406 4456 hoc
1461 4384 1669 4456 iussit
1713 4379 2041 4459 Summus
2078 4379 2411 4458 Pontifex
