3292 5275
689 593 1246 702 LITTERAE
1308 597 2087 706 APOSTOLICAE
2284 464 2444 645 3⁰⁷·

1015 1819 1267 1917 1>le
1331 1819 1500 1914 PP.
1577 1819 1733 1914 IX.

867 2229 946 2279 Al>
999 2229 1298 2281 FVTVRA!
1356 2227 1459 2279 luti
1513 2224 1866 2280 nssuomu.

317 2587 794 2771 Apostolica
859 2682 1172 2751 omnium
1239 2674 1706 2753 Ecclesiarum
1776 2675 2247 2751 sollicitudine
2310 2694 2436 2746 ur·-

317 2812 548 2892 gente,
599 2800 1007 2874 iamdudum
1080 2813 1601 2874 consueverunt
1678 2794 1972 2871 Romani
2050 2792 2434 2870 Pontifices

311 2916 896 2993 Praedecessores
971 2915 1205 2995 Nostri
1261 2916 1801 2993 Ecclesiasticos
1878 2919 2073 2994 viros
2130 2916 2206 2989 in
2282 2916 2436 2988 lon-

303 3039 606 3134 ginquas
681 3044 998 3131 regiones
1072 3042 1479 3128 destinare,
1533 3040 1649 3135 qui
1730 3040 1921 3112 vices
1978 3032 2433 3130 Apostolicae

315 3154 518 3232 Sedis
573 3174 857 3251 agentes
915 3164 1530 3233 conservationem
1570 3160 1859 3231 unitatis
1914 3158 2105 3243 fidei,
2164 3157 2437 3249 purita-

311 3282 406 3352 tis
460 3302 762 3369 morum,
821 3282 1342 3355 constitutionis
1398 3280 1861 3364 hierarchiae,
1926 3274 2301 3351 Canonum
2359 3288 2433 3350 et

311 3400 720 3494 disciplinae
777 3402 1088 3495 pervigili
1179 3404 1813 3496 circumspectione
1870 3412 2226 3473 curarent:
2284 3394 2433 3473 Hoc

311 3532 546 3595 autem
603 3524 976 3616 providum
1031 3496 1333 3597 officium
1390 3520 1767 3597 Orientalis
1843 3525 2015 3593 ritus
2070 3516 2431 3593 Ecclesiae

309 3644 545 3716 denuo
602 3644 906 3735 experiri
949 3654 1328 3737 coeperunt
1370 3658 1769 3739 postquam,
1802 3645 2101 3717 sublatis
2167 3643 2436 3737 gravio-

307 3765 502 3837 ribus
557 3765 1118 3857 impedimentiS,
1177 3788 1354 3859 quae
1434 3764 1856 3839 difficillima
1936 3778 2246 3858 tempora
2320 3766 2436 3835 in-

291 3884 714 3970 'vexerunt,
769 3863 1170 3959 Catholicae
1249 3888 1606 3980 religionis
1683 3888 1994 3960 studium
2049 3888 2125 3958 in
2183 3884 2428 3958 iisdem

293 4004 744 4079 ‘revirescere
799 4009 1052 4102 coepit.
1113 3997 1338 4099 Atque
1429 4006 1526 4081 ita
1604 4010 1872 4080 factum
1929 4019 2097 4099 est,
2154 4016 2233 4099 ut
2289 4002 2435 4099 Sy-

301 4128 506 4205 riae,
565 4126 886 4219 Aegypto
921 4174 942 4209 ,
1001 4122 1582 4219 Mesopotamiae,
1645 4128 2073 4209 Armeniae,
2128 4126 2429 4220 aliisque

306 4248 706 4337 regionibns
763 4261 1096 4340 praesens
1155 4252 1432 4323 adesset
1472 4246 1915 4343 Apostolicae
1965 4248 2163 4321 Sedis
2220 4244 2433 4321 Dele-

247 4408 252 4413 ·
291 4364 542 4461 gatus,
581 4362 724 4439 Has
765 4368 948 4439 inter
987 4372 1454 4465 praetermitti
1496 4392 1663 4447 sane
1714 4391 1855 4443 non
1916 4382 2192 4462 poterat
2250 4366 2426 4444 Per-

1856 4496 2003 4577 20*
