3292 5275
891 449 1046 533 124

989 584 1121 667 36.
1177 587 1533 677 Profecto,
1585 590 1651 665 si
1716 609 1833 677 res
1881 597 2157 663 attente
2188 586 2817 683 introspiciantur,
2876 613 3025 685 ap-

884 715 1190 809 parebit,
1231 732 1702 807 quaecumque
1744 712 1821 783 in
1858 704 2111 785 Nostra
2144 688 2669 783 Constitutione
2722 713 3019 785 sancita

885 845 1054 909 sunt
1083 880 1107 923 ‚
1166 834 1402 908 omnia
1455 832 1544 906 ad
1599 816 1983 905 catholicae
2046 828 2205 901 fidei
2268 832 2885 905 conservationem
2940 845 3022 907 et

883 956 1392 1031 incrementum
1418 1002 1441 1041 ,
1497 973 1628 1027 nec
1684 972 1823 1025 non
1878 949 1969 1025 ad
2029 972 2273 1025 veram
2310 944 2671 1024 Ecclesiae
2726 952 3023 1027 liberta-

884 1088 1048 1161 tem,
1087 1073 1717 1168 auctoritatemque
1754 1068 2265 1167 Episcoporum
2304 1072 2797 1147 vindicandam
2834 1096 3020 1148 con-

883 1200 1199 1293 spirare3
1253 1217 1551 1293 quorum
1605 1195 1765 1269 iura
1836 1202 1911 1265 et
1964 1190 2339 1286 privilegia
2370 1239 2397 1273 ‚
2451 1214 2631 1287 quae
2684 1194 2759 1265 in
2814 1190 3017 1288 Apo-

883 1320 1178 1395 stolicae
1231 1314 1434 1393 Sedis
1487 1315 1823 1390 firmitate
1874 1312 2281 1398 solidantur,
2338 1314 2779 1401 roborantur,
2838 1338 3023 1389 con-

885 1442 1286 1535 quiescunt,
1343 1435 1640 1511 Romani
1706 1430 2077 1509 Pontifices
2111 1482 2133 1521 ,
2191 1435 2751 1529 supplicantibus
2834 1432 3023 1531 Epi-

885 1562 1120 1655 scopis
1173 1562 1516 1654 cuiusque
1569 1556 1965 1649 dignitatis,
2024 1556 2255 1651 gentis
2312 1556 2424 1627 vel
2488 1556 2707 1639 ritus,
2758 1570 3019 1633 contra

885 1681 1276 1755 haereticos
1331 1682 1448 1757 vel
1499 1678 1936 1764 ambitiosos,
1994 1686 2287 1751 strenue
2342 1697 2616 1772 semper
2666 1678 3017 1753 defende-

887 1813 1081 1877 runt.
1215 1828 1222 1836 ·

989 1914 1118 1997 37.
1173 1918 1280 1995 De
1333 1920 1803 1995 nationalibus
1838 1940 2039 2004 vero,
2077 1920 2183 1991 uti
2238 1916 2769 2011 ainau-iuribus
2822 1942 3013 2016 opus

883 2064 1026 2119 non
1080 2055 1204 2133 est,
1243 2054 1328 2115 ut
1380 2042 1691 2137 pluribus
1746 2040 2319 2135 respondeamus,
2378 2036 2453 2114 Si
2506 2039 2697 2113 enim
2752 2042 2841 2115 de
2898 2044 3017 2117 ci-

883 2164 1146 2238 vilibus
1201 2173 1476 2259 lantum
1529 2174 1809 2257 agatur,
1865 2184 1944 2235 ea
1998 2162 2073 2235 in
2130 2170 2479 2257 potestate
2534 2174 2704 2238 sunt
2756 2184 3019 2258 supre-

885 2287 985 2361 mi
1037 2281 1431 2382 Principis3
1463 2284 1683 2381 ‚cuius
1764 2295 1875 2359 est
1928 2284 2015 2357 de
2074 2283 2217 2357 illis
2270 2286 2410 2375 rite
2484 2283 2871 2359 diiudicare
2924 2306 3015 2359 ac

885 2404 1268 2495 decernere
1293 2452 1313 2490 ,
1371 2417 1580 2497 prout
1633 2405 1737 2477 ad·
1780 2404 2227 2481 subditorum
2280 2406 2659 2479 utilitatem
2722 2408 3017 2500 expedi-

885 2548 962 2601 re
1017 2528 1400 2601 censuerit.
1471 2521 1546 2597 Si
1600 2528 1803 2600 forte.
1866 2534 2103 2610 autem
2170 2525 2259 2599 de
2310 2527 2807 2601 ecclesiasticis
2892 2550 3013 2603 res

885 2646 1333 2746 intelligenda
1384 2650 1478 2722 sit
1511 2697 1532 2735 ,
1591 2670 1805 2722 nemo
1853 2669 2033 2726 unus
2090 2648 2409 2744 ignorare
2473 2660 2703 2742 potest
2731 2699 2754 2737 ,
2808 2651 3013 2724 nulla

885 2773 1272 2867 nationalia
1297 2792 1451 2868 sseu
1507 2771 1929 2866 populorum
1964 2769 2119 2845 iura
2156 2771 2233 2842 in
2270 2765 2659 2847 Ecclesiam
2710 2771 3011 2863 eiusque

885 2885 1352 2969 hierarchiam
1403 2903 1478 2967 et
1529 2891 2025 2979 ordinationcS,
2063 2893 2449 2967 catholicos
2494 2913 2821 2986 umquam
2876 2915 3013 2968 no-

886 3015 1092 3088 visse.
1147 3011 1244 3086 Et
1296 3015 1358 3086 si
1439 3014 1630 3086 enim
1714 3012 2025 3106 undique
2104 3024 2345 3108 gentes
2410 3035 2497 3086 ae
2558 3013 2878 3088 nationes
2932 3015 3011 3086 in

885 3129 1282 3212 Ecclesiam
1337 3131 1820 3215 confluxerint,
1858 3155 2099 3220 omnes
2146 3147 2379 3211 tamen
2432 3136 2511 3206 in
2564 3133 2835 3206 unitate
2890 3135 3011 3210 sui

887 3256 1194 3330 nominis
1247 3257 1346 3328 ita
1379 3250 1572 3328 Deus
1629 3256 1969 3329 adunavit
1994 3341 1999 3350 ¹
2024 3257 2155 3330 sub
2208 3277 2319 3344 eo,
2372 3239 2589 3350 quem
2642 3257 3013 3330 universis

889 3376 1231 3468 praefecit
1261 3423 1284 3462 ,
1339 3397 1669 3470 supremo
1745 3371 2040 3470 Pastore
2104 3371 2189 3447 B.
2246 3373 2457 3452 Petro
2510 3375 3011 3470 Apostolorum

887 3489 1254 3594 Principe,
1312 3509 1392 3570 ut
1447 3496 1585 3570 iam
1641 3519 1780 3572 non
1830 3497 1961 3607 sit,
2006 3497 2122 3572 uti
2178 3499 2509 3573 monebat
2566 3495 2949 3594 Apostolus
2980 3551 3007 3588 ,

889 3610 1188 3690 Gentilis
1241 3627 1314 3690 et
1366 3615 1699 3704 Iudaeus,
1746 3613 2105 3692 Barbarus
2158 3631 2235 3695 et
2286 3615 2577 3712 Scytha,
2634 3641 2893 3696 servus
2932 3635 3011 3696 et

887 3733 1065 3818 liber
1097 3785 1120 3826 ,
1179 3738 1304 3813 sed
1375 3740 1606 3810 omnia
1662 3750 1738 3811 et
1800 3741 1871 3812 in
1934 3740 2271 3814 omnibus·
2312 3737 2637 3816 Christus
2698 3733 2855 3840 (1):
2912 3765 3009 3820 ex

887 3878 1032 3951 quo
1113 3868 1338 3934 totum
1415 3880 1673 3952 corpus
1754 3871 2193 3954 compactum
2257 3871 2333 3934 et
2391 3883 2797 3938 connexum
2876 3886 3011 3957 per

889 3997 1168 4078 omnem
1197 3977 1592 4054 iuncturam
1627 3979 2311 4079 subministrationis,
2336 3983 2723 4096 secundum
2754 4005 3013 4080 opera-

891 4099 1172 4194 tionem.
1193 4102 1265 4177 in
1298 4122 1709 4195 mensuram
1746 4099 2295 4202 uniuscuiusque
2334 4105 2631 4198 membri
2666 4125 3009 4199 augmen-

1047 4341 1131 4432 (1)
1171 4345 1418 4418 Coloss-
1458 4347 1578 4419 111.
1617 4347 1719 4424 11.
1780 4411 1815 4454 ἰ.
