<?xml version="1.0" encoding="UTF-8"?>
<!DOCTYPE html PUBLIC "-//W3C//DTD XHTML 1.0 Transitional//EN"
    "http://www.w3.org/TR/xhtml1/DTD/xhtml1-transitional.dtd">
<html xmlns="http://www.w3.org/1999/xhtml" xml:lang="en" lang="en">
 <head>
  <title>
</title>
<meta http-equiv="Content-Type" content="text/html;charset=utf-8" />
  <meta name='ocr-system' content='tesseract 3.04.00' />
  <meta name='ocr-capabilities' content='ocr_page ocr_carea ocr_par ocr_line ocrx_word'/>
</head>
<body>
  <div class='ocr_page' id='page_1' title='image "./piiixpontificis01ixgoog_0188.png"; bbox 0 0 3292 5275; ppageno 0'>
   <div class='ocr_carea' id='block_1_1' title="bbox 862 502 1015 582">
    <p class='ocr_par' dir='ltr' id='par_1_1' title="bbox 862 502 1015 582">
     <span class='ocr_line' id='line_1_1' title="bbox 862 502 1015 582; baseline -0.007 0"><span class='ocrx_word' id='word_1_1' title='bbox 862 502 1015 582; x_wconf 76' lang='lat'><strong>182</strong></span> 
     </span>
    </p>
   </div>
   <div class='ocr_carea' id='block_1_2' title="bbox 854 638 2992 1338">
    <p class='ocr_par' dir='ltr' id='par_1_2' title="bbox 854 638 2992 1221">
     <span class='ocr_line' id='line_1_2' title="bbox 860 638 2989 736; baseline 0 -21"><span class='ocrx_word' id='word_1_2' title='bbox 860 646 1020 729; x_wconf 88' lang='lat' dir='ltr'><strong>tati,</strong></span> <span class='ocrx_word' id='word_1_3' title='bbox 1060 643 1221 727; x_wconf 90' lang='lat' dir='ltr'><strong>alia,</strong></span> <span class='ocrx_word' id='word_1_4' title='bbox 1262 638 1483 736; x_wconf 80' lang='lat' dir='ltr'><strong>eaque</strong></span> <span class='ocrx_word' id='word_1_5' title='bbox 1538 644 2064 734; x_wconf 76' lang='lat' dir='ltr'><strong>supernaturali</strong></span> <span class='ocrx_word' id='word_1_6' title='bbox 2097 645 2216 713; x_wconf 90' lang='lat' dir='ltr'><strong>via</strong></span> <span class='ocrx_word' id='word_1_7' title='bbox 2259 664 2331 715; x_wconf 85' lang='lat' dir='ltr'><strong>se</strong></span> <span class='ocrx_word' id='word_1_8' title='bbox 2370 644 2595 735; x_wconf 88' lang='lat' dir='ltr'><strong>ipsum</strong></span> <span class='ocrx_word' id='word_1_9' title='bbox 2633 668 2714 716; x_wconf 91' lang='lat' dir='ltr'><strong>ac</strong></span> <span class='ocrx_word' id='word_1_10' title='bbox 2758 656 2989 716; x_wconf 87' lang='lat' dir='ltr'><strong>aeter-</strong></span> 
     </span>
     <span class='ocr_line' id='line_1_3' title="bbox 860 762 2985 854; baseline 0 -19"><span class='ocrx_word' id='word_1_11' title='bbox 860 786 947 835; x_wconf 89' lang='lat' dir='ltr'><strong>na</strong></span> <span class='ocrx_word' id='word_1_12' title='bbox 1002 762 1384 835; x_wconf 85' lang='lat' dir='ltr'><strong>voluntatis</strong></span> <span class='ocrx_word' id='word_1_13' title='bbox 1422 784 1592 837; x_wconf 89' lang='lat' dir='ltr'><strong>suae</strong></span> <span class='ocrx_word' id='word_1_14' title='bbox 1633 763 1918 834; x_wconf 86' lang='lat' dir='ltr'><strong>decreta</strong></span> <span class='ocrx_word' id='word_1_15' title='bbox 1975 764 2285 834; x_wconf 88' lang='lat' dir='ltr'><strong>humano</strong></span> <span class='ocrx_word' id='word_1_16' title='bbox 2342 763 2578 854; x_wconf 77' lang='lat' dir='ltr'><strong>generi</strong></span> <span class='ocrx_word' id='word_1_17' title='bbox 2638 762 2985 848; x_wconf 86' lang='lat' dir='ltr'><strong>revelare,</strong></span> 
     </span>
     <span class='ocr_line' id='line_1_4' title="bbox 854 878 2990 976; baseline -0.001 -21"><span class='ocrx_word' id='word_1_18' title='bbox 854 882 1125 956; x_wconf 84' lang='lat' dir='ltr'><strong>dicente</strong></span> <span class='ocrx_word' id='word_1_19' title='bbox 1183 878 1563 976; x_wconf 81' lang='lat' dir='ltr'><strong>Apostolo:</strong></span> <span class='ocrx_word' id='word_1_20' title='bbox 1622 879 2092 966; x_wconf 78' lang='lat' dir='ltr'><strong>Multifariam,</strong></span> <span class='ocrx_word' id='word_1_21' title='bbox 2151 882 2525 976; x_wconf 87' lang='lat' dir='ltr'><strong>multisque</strong></span> <span class='ocrx_word' id='word_1_22' title='bbox 2565 884 2787 955; x_wconf 88' lang='lat' dir='ltr'><strong>modis</strong></span> <span class='ocrx_word' id='word_1_23' title='bbox 2826 882 2990 955; x_wconf 89' lang='lat' dir='ltr'><strong>olim</strong></span> 
     </span>
     <span class='ocr_line' id='line_1_5' title="bbox 860 991 2992 1097; baseline 0 -22"><span class='ocrx_word' id='word_1_24' title='bbox 860 999 1045 1075; x_wconf 89' lang='lat' dir='ltr'><strong>Deus</strong></span> <span class='ocrx_word' id='word_1_25' title='bbox 1100 991 1391 1097; x_wconf 81' lang='lat' dir='ltr'><strong>loquens</strong></span> <span class='ocrx_word' id='word_1_26' title='bbox 1444 1005 1758 1095; x_wconf 87' lang='lat' dir='ltr'><strong>patribus</strong></span> <span class='ocrx_word' id='word_1_27' title='bbox 1799 1006 1885 1073; x_wconf 89' lang='lat' dir='ltr'><strong>in·</strong></span> <span class='ocrx_word' id='word_1_28' title='bbox 1911 1000 2334 1095; x_wconf 87' lang='lat' dir='ltr'><strong>Prophetis:</strong></span> <span class='ocrx_word' id='word_1_29' title='bbox 2392 1004 2802 1087; x_wconf 78' lang='lat' dir='ltr'><strong>novissime,</strong></span> <span class='ocrx_word' id='word_1_30' title='bbox 2835 1004 2992 1076; x_wconf 86' lang='lat' dir='ltr'><strong>die-</strong></span> 
     </span>
     <span class='ocr_line' id='line_1_6' title="bbox 862 1115 2634 1221; baseline -0.002 -26"><span class='ocrx_word' id='word_1_31' title='bbox 862 1127 993 1197; x_wconf 87' lang='lat' dir='ltr'><strong>bus</strong></span> <span class='ocrx_word' id='word_1_32' title='bbox 1048 1125 1201 1195; x_wconf 89' lang='lat' dir='ltr'><strong>istis</strong></span> <span class='ocrx_word' id='word_1_33' title='bbox 1257 1125 1536 1197; x_wconf 89' lang='lat' dir='ltr'><strong>locutus</strong></span> <span class='ocrx_word' id='word_1_34' title='bbox 1590 1136 1701 1195; x_wconf 90' lang='lat' dir='ltr'><strong>est</strong></span> <span class='ocrx_word' id='word_1_35' title='bbox 1759 1122 1957 1196; x_wconf 91' lang='lat' dir='ltr'><strong>nobis</strong></span> <span class='ocrx_word' id='word_1_36' title='bbox 2017 1126 2088 1193; x_wconf 88' lang='lat' dir='ltr'><strong>in</strong></span> <span class='ocrx_word' id='word_1_37' title='bbox 2144 1119 2328 1195; x_wconf 88' lang='lat' dir='ltr'><strong>Filio</strong></span> <span class='ocrx_word' id='word_1_38' title='bbox 2390 1115 2522 1221; x_wconf 91' lang='grc'>(1).</span> <span class='ocrx_word' id='word_1_39' title='bbox 2627 1134 2634 1140; x_wconf 86' lang='grc'><em>“</em></span> 
     </span>
    </p>

    <p class='ocr_par' dir='ltr' id='par_1_3' title="bbox 1071 1241 2985 1338">
     <span class='ocr_line' id='line_1_7' title="bbox 1071 1241 2985 1338; baseline 0 -21"><span class='ocrx_word' id='word_1_40' title='bbox 1071 1241 1256 1317; x_wconf 83' lang='lat' dir='ltr'><strong>Huic</strong></span> <span class='ocrx_word' id='word_1_41' title='bbox 1290 1244 1569 1317; x_wconf 86' lang='lat' dir='ltr'><strong>divinae</strong></span> <span class='ocrx_word' id='word_1_42' title='bbox 1608 1245 2031 1317; x_wconf 82' lang='lat' dir='ltr'><strong>revelationi</strong></span> <span class='ocrx_word' id='word_1_43' title='bbox 2067 1242 2504 1318; x_wconf 84' lang='lat' dir='ltr'><strong>tribuendum</strong></span> <span class='ocrx_word' id='word_1_44' title='bbox 2533 1244 2810 1338; x_wconf 80' lang='lat' dir='ltr'><strong>quidem</strong></span> <span class='ocrx_word' id='word_1_45' title='bbox 2847 1258 2985 1327; x_wconf 89' lang='lat' dir='ltr'><strong>est,</strong></span> 
     </span>
    </p>
   </div>
   <div class='ocr_carea' id='block_1_3' title="bbox 738 1364 2988 1460">
    <p class='ocr_par' dir='ltr' id='par_1_4' title="bbox 738 1364 2988 1460">
     <span class='ocr_line' id='line_1_8' title="bbox 738 1364 2988 1460; baseline -0.001 -23"><span class='ocrx_word' id='word_1_46' title='bbox 738 1376 743 1379; x_wconf 83' lang='grc'><strong>’</strong></span> <span class='ocrx_word' id='word_1_47' title='bbox 858 1378 938 1437; x_wconf 83' lang='lat' dir='ltr'><strong>ut</strong></span> <span class='ocrx_word' id='word_1_48' title='bbox 992 1386 1095 1451; x_wconf 88' lang='lat' dir='ltr'><strong>ea,</strong></span> <span class='ocrx_word' id='word_1_49' title='bbox 1148 1365 1441 1460; x_wconf 87' lang='lat' dir='ltr'><strong>quaein</strong></span> <span class='ocrx_word' id='word_1_50' title='bbox 1481 1365 1690 1436; x_wconf 87' lang='lat' dir='ltr'><strong>rebus</strong></span> <span class='ocrx_word' id='word_1_51' title='bbox 1736 1365 2000 1436; x_wconf 88' lang='lat' dir='ltr'><strong>divinis</strong></span> <span class='ocrx_word' id='word_1_52' title='bbox 2056 1364 2392 1438; x_wconf 86' lang='lat' dir='ltr'><strong>h&#39;umanae</strong></span> <span class='ocrx_word' id='word_1_53' title='bbox 2449 1364 2704 1437; x_wconf 91' lang='lat' dir='ltr'><strong>rationi</strong></span> <span class='ocrx_word' id='word_1_54' title='bbox 2763 1388 2890 1458; x_wconf 90' lang='lat' dir='ltr'><strong>per</strong></span> <span class='ocrx_word' id='word_1_55' title='bbox 2917 1386 2988 1435; x_wconf 87' lang='lat' dir='ltr'><strong>se</strong></span> 
     </span>
    </p>
   </div>
   <div class='ocr_carea' id='block_1_4' title="bbox 860 1480 2994 1821">
    <p class='ocr_par' dir='ltr' id='par_1_5' title="bbox 860 1480 2994 1821">
     <span class='ocr_line' id='line_1_9' title="bbox 860 1480 2994 1581; baseline 0 -24"><span class='ocrx_word' id='word_1_56' title='bbox 860 1486 1197 1580; x_wconf 83' lang='lat' dir='ltr'><strong>impervia</strong></span> <span class='ocrx_word' id='word_1_57' title='bbox 1252 1507 1394 1557; x_wconf 89' lang='lat' dir='ltr'><strong>non</strong></span> <span class='ocrx_word' id='word_1_58' title='bbox 1454 1496 1649 1569; x_wconf 84' lang='lat' dir='ltr'><strong>sunt,</strong></span> <span class='ocrx_word' id='word_1_59' title='bbox 1689 1484 1760 1555; x_wconf 91' lang='lat' dir='ltr'><strong>in</strong></span> <span class='ocrx_word' id='word_1_60' title='bbox 1809 1486 2161 1577; x_wconf 81' lang='lat' dir='ltr'><strong>praesenti</strong></span> <span class='ocrx_word' id='word_1_61' title='bbox 2215 1506 2493 1581; x_wconf 89' lang='lat' dir='ltr'><strong>quoque</strong></span> <span class='ocrx_word' id='word_1_62' title='bbox 2553 1480 2827 1576; x_wconf 78' lang='lat' dir='ltr'><strong>generis</strong></span> <span class='ocrx_word' id='word_1_63' title='bbox 2865 1486 2994 1557; x_wconf 87' lang='lat' dir='ltr'><strong>hu-</strong></span> 
     </span>
     <span class='ocr_line' id='line_1_10' title="bbox 862 1604 2994 1698; baseline -0.001 -20"><span class='ocrx_word' id='word_1_64' title='bbox 862 1606 1049 1679; x_wconf 90' lang='lat' dir='ltr'><strong>mani</strong></span> <span class='ocrx_word' id='word_1_65' title='bbox 1104 1606 1503 1679; x_wconf 86' lang='lat' dir='ltr'><strong>conditione</strong></span> <span class='ocrx_word' id='word_1_66' title='bbox 1560 1607 1650 1677; x_wconf 88' lang='lat' dir='ltr'><strong>ab</strong></span> <span class='ocrx_word' id='word_1_67' title='bbox 1707 1604 2032 1678; x_wconf 88' lang='lat' dir='ltr'><strong>omnibus</strong></span> <span class='ocrx_word' id='word_1_68' title='bbox 2086 1606 2412 1698; x_wconf 88' lang='lat' dir='ltr'><strong>expedite</strong></span> <span class='ocrx_word' id='word_1_69' title='bbox 2446 1654 2468 1689; x_wconf 92' lang='lat'><strong>,</strong></span> <span class='ocrx_word' id='word_1_70' title='bbox 2539 1604 2736 1677; x_wconf 83' lang='lat' dir='ltr'><strong>firma</strong></span> <span class='ocrx_word' id='word_1_71' title='bbox 2789 1605 2994 1677; x_wconf 87' lang='lat' dir='ltr'><strong>certi·</strong></span> 
     </span>
     <span class='ocr_line' id='line_1_11' title="bbox 862 1722 2994 1821; baseline -0.002 -20"><span class='ocrx_word' id='word_1_72' title='bbox 862 1727 1104 1801; x_wconf 89' lang='lat' dir='ltr'><strong>tudine</strong></span> <span class='ocrx_word' id='word_1_73' title='bbox 1134 1737 1211 1799; x_wconf 91' lang='lat' dir='ltr'><strong>et</strong></span> <span class='ocrx_word' id='word_1_74' title='bbox 1241 1729 1432 1801; x_wconf 90' lang='lat' dir='ltr'><strong>nullo</strong></span> <span class='ocrx_word' id='word_1_75' title='bbox 1488 1726 1794 1799; x_wconf 85' lang='lat' dir='ltr'><strong>admixto</strong></span> <span class='ocrx_word' id='word_1_76' title='bbox 1851 1748 2092 1798; x_wconf 88' lang='lat' dir='ltr'><strong>errore</strong></span> <span class='ocrx_word' id='word_1_77' title='bbox 2133 1725 2458 1817; x_wconf 80' lang='lat' dir='ltr'><strong>cognosci</strong></span> <span class='ocrx_word' id='word_1_78' title='bbox 2514 1726 2796 1821; x_wconf 82' lang='lat' dir='ltr'><strong>possint.</strong></span> <span class='ocrx_word' id='word_1_79' title='bbox 2839 1722 2994 1799; x_wconf 87' lang='lat' dir='ltr'><strong>Non</strong></span> 
     </span>
    </p>
   </div>
   <div class='ocr_carea' id='block_1_5' title="bbox 742 1846 2999 1921">
    <p class='ocr_par' dir='ltr' id='par_1_6' title="bbox 742 1846 2999 1921">
     <span class='ocr_line' id='line_1_12' title="bbox 742 1846 2999 1921; baseline -0.002 0"><span class='ocrx_word' id='word_1_80' title='bbox 742 1850 749 1857; x_wconf 82' lang='grc'><strong>’</strong></span> <span class='ocrx_word' id='word_1_81' title='bbox 859 1848 994 1921; x_wconf 88' lang='lat' dir='ltr'><strong>hac</strong></span> <span class='ocrx_word' id='word_1_82' title='bbox 1050 1860 1280 1920; x_wconf 87' lang='lat' dir='ltr'><strong>tamen</strong></span> <span class='ocrx_word' id='word_1_83' title='bbox 1320 1847 1406 1920; x_wconf 90' lang='lat' dir='ltr'><strong>de</strong></span> <span class='ocrx_word' id='word_1_84' title='bbox 1444 1868 1658 1921; x_wconf 88' lang='lat' dir='ltr'><strong>causa</strong></span> <span class='ocrx_word' id='word_1_85' title='bbox 1698 1848 2036 1920; x_wconf 87' lang='lat' dir='ltr'><strong>revelatio</strong></span> <span class='ocrx_word' id='word_1_86' title='bbox 2091 1846 2406 1919; x_wconf 84' lang='lat' dir='ltr'><strong>absolute</strong></span> <span class='ocrx_word' id='word_1_87' title='bbox 2461 1848 2860 1919; x_wconf 88' lang='lat' dir='ltr'><strong>necessaria</strong></span> <span class='ocrx_word' id='word_1_88' title='bbox 2893 1846 2999 1917; x_wconf 89' lang='lat' dir='ltr'><strong>di-</strong></span> 
     </span>
    </p>
   </div>
   <div class='ocr_carea' id='block_1_6' title="bbox 863 1964 3014 3994">
    <p class='ocr_par' dir='ltr' id='par_1_7' title="bbox 863 1964 3004 2670">
     <span class='ocr_line' id='line_1_13' title="bbox 864 1964 2996 2061; baseline -0 -21"><span class='ocrx_word' id='word_1_89' title='bbox 864 1969 1081 2041; x_wconf 88' lang='lat' dir='ltr'><strong>cenda</strong></span> <span class='ocrx_word' id='word_1_90' title='bbox 1135 1979 1245 2041; x_wconf 89' lang='lat' dir='ltr'><strong>est</strong></span> <span class='ocrx_word' id='word_1_91' title='bbox 1278 2016 1299 2053; x_wconf 96' lang='lat'><strong>,</strong></span> <span class='ocrx_word' id='word_1_92' title='bbox 1360 1969 1487 2041; x_wconf 89' lang='lat' dir='ltr'><strong>sed</strong></span> <span class='ocrx_word' id='word_1_93' title='bbox 1542 1967 1706 2061; x_wconf 86' lang='lat' dir='ltr'><strong>quia</strong></span> <span class='ocrx_word' id='word_1_94' title='bbox 1772 1964 1958 2039; x_wconf 87' lang='lat' dir='ltr'><strong>Deus</strong></span> <span class='ocrx_word' id='word_1_95' title='bbox 2022 1990 2106 2040; x_wconf 89' lang='lat' dir='ltr'><strong>ex</strong></span> <span class='ocrx_word' id='word_1_96' title='bbox 2161 1967 2438 2039; x_wconf 84' lang='lat' dir='ltr'><strong>infinita</strong></span> <span class='ocrx_word' id='word_1_97' title='bbox 2503 1966 2807 2039; x_wconf 84' lang='lat' dir='ltr'><strong>bonitate</strong></span> <span class='ocrx_word' id='word_1_98' title='bbox 2867 1990 2996 2040; x_wconf 90' lang='lat' dir='ltr'><strong>sua</strong></span> 
     </span>
     <span class='ocr_line' id='line_1_14' title="bbox 864 2086 3002 2182; baseline -0.001 -21"><span class='ocrx_word' id='word_1_99' title='bbox 864 2088 1221 2163; x_wconf 84' lang='lat' dir='ltr'><strong>ordinavit</strong></span> <span class='ocrx_word' id='word_1_100' title='bbox 1249 2088 1611 2161; x_wconf 89' lang='lat' dir='ltr'><strong>hominem</strong></span> <span class='ocrx_word' id='word_1_101' title='bbox 1663 2088 1751 2160; x_wconf 88' lang='lat' dir='ltr'><strong>ad</strong></span> <span class='ocrx_word' id='word_1_102' title='bbox 1789 2086 2002 2161; x_wconf 83' lang='lat' dir='ltr'><strong>finem</strong></span> <span class='ocrx_word' id='word_1_103' title='bbox 2047 2090 2686 2182; x_wconf 85' lang='lat' dir='ltr'><strong>supernaturalem,</strong></span> <span class='ocrx_word' id='word_1_104' title='bbox 2721 2088 2807 2159; x_wconf 88' lang='lat' dir='ltr'><strong>ad</strong></span> <span class='ocrx_word' id='word_1_105' title='bbox 2849 2108 3002 2181; x_wconf 83' lang='lat' dir='ltr'><strong>par-</strong></span> 
     </span>
     <span class='ocr_line' id='line_1_15' title="bbox 866 2207 3001 2304; baseline -0 -22"><span class='ocrx_word' id='word_1_106' title='bbox 866 2209 1213 2304; x_wconf 88' lang='lat' dir='ltr'><strong>ticipanda</strong></span> <span class='ocrx_word' id='word_1_107' title='bbox 1268 2208 1537 2282; x_wconf 87' lang='lat' dir='ltr'><strong>scilicet</strong></span> <span class='ocrx_word' id='word_1_108' title='bbox 1588 2209 1772 2281; x_wconf 84' lang='lat' dir='ltr'><strong>bona</strong></span> <span class='ocrx_word' id='word_1_109' title='bbox 1828 2207 2088 2297; x_wconf 86' lang='lat' dir='ltr'><strong>divina,</strong></span> <span class='ocrx_word' id='word_1_110' title='bbox 2114 2229 2291 2302; x_wconf 88' lang='lat' dir='ltr'><strong>quae</strong></span> <span class='ocrx_word' id='word_1_111' title='bbox 2347 2209 2692 2281; x_wconf 86' lang='lat' dir='ltr'><strong>humanae</strong></span> <span class='ocrx_word' id='word_1_112' title='bbox 2741 2209 3001 2281; x_wconf 87' lang='lat' dir='ltr'><strong>mentis</strong></span> 
     </span>
     <span class='ocr_line' id='line_1_16' title="bbox 863 2327 3000 2424; baseline -0.001 -21"><span class='ocrx_word' id='word_1_113' title='bbox 863 2330 1397 2421; x_wconf 79' lang='lat' dir='ltr'><strong>intelligentiam</strong></span> <span class='ocrx_word' id='word_1_114' title='bbox 1438 2327 1725 2403; x_wconf 85' lang='lat' dir='ltr'><strong>omnino</strong></span> <span class='ocrx_word' id='word_1_115' title='bbox 1763 2343 2100 2423; x_wconf 83' lang='lat' dir='ltr'><strong>superant</strong></span> <span class='ocrx_word' id='word_1_116' title='bbox 2131 2353 2155 2419; x_wconf 92' lang='lat'>;</span> <span class='ocrx_word' id='word_1_117' title='bbox 2191 2330 2536 2424; x_wconf 88' lang='lat' dir='ltr'><strong>siquidem</strong></span> <span class='ocrx_word' id='word_1_118' title='bbox 2573 2332 2814 2403; x_wconf 90' lang='lat' dir='ltr'><strong>oculus</strong></span> <span class='ocrx_word' id='word_1_119' title='bbox 2857 2352 3000 2403; x_wconf 91' lang='lat' dir='ltr'><strong>non</strong></span> 
     </span>
     <span class='ocr_line' id='line_1_17' title="bbox 868 2448 3004 2553; baseline 0 -30"><span class='ocrx_word' id='word_1_120' title='bbox 868 2450 1073 2531; x_wconf 85' lang='lat' dir='ltr'><strong>vidit,</strong></span> <span class='ocrx_word' id='word_1_121' title='bbox 1128 2473 1255 2523; x_wconf 89' lang='lat' dir='ltr'><strong>nec</strong></span> <span class='ocrx_word' id='word_1_122' title='bbox 1311 2452 1505 2525; x_wconf 87' lang='lat' dir='ltr'><strong>auris</strong></span> <span class='ocrx_word' id='word_1_123' title='bbox 1562 2450 1864 2534; x_wconf 84' lang='lat' dir='ltr'><strong>audivit,</strong></span> <span class='ocrx_word' id='word_1_124' title='bbox 1927 2472 2058 2523; x_wconf 90' lang='lat' dir='ltr'><strong>nec</strong></span> <span class='ocrx_word' id='word_1_125' title='bbox 2115 2450 2195 2553; x_wconf 36' lang='lat' dir='ltr'><strong>in·</strong></span> <span class='ocrx_word' id='word_1_126' title='bbox 2240 2473 2363 2523; x_wconf 88' lang='lat' dir='ltr'><strong>cor</strong></span> <span class='ocrx_word' id='word_1_127' title='bbox 2415 2448 2710 2522; x_wconf 88' lang='lat' dir='ltr'><strong>hominis</strong></span> <span class='ocrx_word' id='word_1_128' title='bbox 2761 2472 3004 2523; x_wconf 91' lang='lat' dir='ltr'><strong>ascen·</strong></span> 
     </span>
     <span class='ocr_line' id='line_1_18' title="bbox 868 2558 2998 2670; baseline 0 -26"><span class='ocrx_word' id='word_1_129' title='bbox 868 2572 1000 2658; x_wconf 89' lang='lat' dir='ltr'><strong>dit,</strong></span> <span class='ocrx_word' id='word_1_130' title='bbox 1041 2594 1219 2668; x_wconf 87' lang='lat' dir='ltr'><strong>quae</strong></span> <span class='ocrx_word' id='word_1_131' title='bbox 1259 2574 1711 2667; x_wconf 86' lang='lat' dir='ltr'><strong>praeparavit</strong></span> <span class='ocrx_word' id='word_1_132' title='bbox 1767 2568 1962 2645; x_wconf 88' lang='lat' dir='ltr'><strong>Deus</strong></span> <span class='ocrx_word' id='word_1_133' title='bbox 2005 2571 2112 2660; x_wconf 73' lang='lat' dir='ltr'><strong>iia,</strong></span> <span class='ocrx_word' id='word_1_134' title='bbox 2142 2575 2264 2666; x_wconf 90' lang='lat' dir='ltr'><strong>qui</strong></span> <span class='ocrx_word' id='word_1_135' title='bbox 2305 2572 2594 2667; x_wconf 87' lang='lat' dir='ltr'><strong>diligunt</strong></span> <span class='ocrx_word' id='word_1_136' title='bbox 2629 2558 2820 2644; x_wconf 80' lang='lat' dir='ltr'><strong>illum</strong></span> <span class='ocrx_word' id='word_1_137' title='bbox 2863 2564 2998 2670; x_wconf 77' lang='grc'><strong>(2).</strong></span> 
     </span>
    </p>

    <p class='ocr_par' dir='ltr' id='par_1_8' title="bbox 870 2690 3014 3994">
     <span class='ocr_line' id='line_1_19' title="bbox 1080 2690 3002 2789; baseline 0 -23"><span class='ocrx_word' id='word_1_138' title='bbox 1080 2690 1271 2768; x_wconf 89' lang='lat' dir='ltr'><strong>Haec</strong></span> <span class='ocrx_word' id='word_1_139' title='bbox 1326 2716 1533 2789; x_wconf 90' lang='lat' dir='ltr'><strong>porro</strong></span> <span class='ocrx_word' id='word_1_140' title='bbox 1589 2695 2148 2787; x_wconf 80' lang='lat' dir='ltr'><strong>supernaturalis</strong></span> <span class='ocrx_word' id='word_1_141' title='bbox 2196 2695 2560 2778; x_wconf 84' lang='lat' dir='ltr'><strong>revelatio,</strong></span> <span class='ocrx_word' id='word_1_142' title='bbox 2624 2694 3002 2766; x_wconf 87' lang='lat' dir='ltr'><strong>secundum</strong></span> 
     </span>
     <span class='ocr_line' id='line_1_20' title="bbox 870 2810 3002 2906; baseline -0.002 -18"><span class='ocrx_word' id='word_1_143' title='bbox 870 2813 1287 2888; x_wconf 87' lang='lat' dir='ltr'><strong>universalis</strong></span> <span class='ocrx_word' id='word_1_144' title='bbox 1343 2811 1715 2886; x_wconf 86' lang='lat' dir='ltr'><strong>Ecclesiae</strong></span> <span class='ocrx_word' id='word_1_145' title='bbox 1771 2814 2010 2897; x_wconf 89' lang='lat' dir='ltr'><strong>fidem,</strong></span> <span class='ocrx_word' id='word_1_146' title='bbox 2043 2837 2084 2887; x_wconf 92' lang='lat' dir='ltr'><strong>a</strong></span> <span class='ocrx_word' id='word_1_147' title='bbox 2117 2827 2360 2886; x_wconf 89' lang='lat' dir='ltr'><strong>sancta</strong></span> <span class='ocrx_word' id='word_1_148' title='bbox 2418 2810 2828 2887; x_wconf 85' lang='lat' dir='ltr'><strong>Tridentina</strong></span> <span class='ocrx_word' id='word_1_149' title='bbox 2865 2810 3002 2906; x_wconf 84' lang='lat' dir='ltr'><strong>Sy-</strong></span> 
     </span>
     <span class='ocr_line' id='line_1_21' title="bbox 873 2933 3001 3027; baseline -0 -19"><span class='ocrx_word' id='word_1_150' title='bbox 873 2934 1055 3009; x_wconf 85' lang='lat' dir='ltr'><strong>nodo</strong></span> <span class='ocrx_word' id='word_1_151' title='bbox 1111 2935 1552 3018; x_wconf 83' lang='lat' dir='ltr'><strong>declaratam,</strong></span> <span class='ocrx_word' id='word_1_152' title='bbox 1613 2936 2021 3007; x_wconf 83' lang='lat' dir='ltr'><strong>continetur</strong></span> <span class='ocrx_word' id='word_1_153' title='bbox 2059 2934 2127 3004; x_wconf 89' lang='lat' dir='ltr'><strong>in</strong></span> <span class='ocrx_word' id='word_1_154' title='bbox 2185 2933 2378 3005; x_wconf 85' lang='lat' dir='ltr'><strong>libris</strong></span> <span class='ocrx_word' id='word_1_155' title='bbox 2434 2933 2710 3027; x_wconf 88' lang='lat' dir='ltr'><strong>scriptis</strong></span> <span class='ocrx_word' id='word_1_156' title='bbox 2749 2945 2822 3008; x_wconf 91' lang='lat' dir='ltr'><strong>et</strong></span> <span class='ocrx_word' id='word_1_157' title='bbox 2852 2934 3001 3008; x_wconf 89' lang='lat' dir='ltr'><strong>sine</strong></span> 
     </span>
     <span class='ocr_line' id='line_1_22' title="bbox 874 3048 3010 3155; baseline -0.001 -27"><span class='ocrx_word' id='word_1_158' title='bbox 874 3055 1130 3151; x_wconf 87' lang='lat' dir='ltr'><strong>scripto</strong></span> <span class='ocrx_word' id='word_1_159' title='bbox 1188 3052 1700 3139; x_wconf 83' lang='lat' dir='ltr'><strong>traditionibus,</strong></span> <span class='ocrx_word' id='word_1_160' title='bbox 1729 3077 1914 3155; x_wconf 80' lang='lat' dir='ltr'><strong>quae</strong></span> <span class='ocrx_word' id='word_1_161' title='bbox 1950 3054 2160 3147; x_wconf 90' lang='lat' dir='ltr'><strong>ipsius</strong></span> <span class='ocrx_word' id='word_1_162' title='bbox 2216 3048 2477 3126; x_wconf 88' lang='lat' dir='ltr'><strong>Christi</strong></span> <span class='ocrx_word' id='word_1_163' title='bbox 2536 3075 2656 3126; x_wconf 87' lang='lat' dir='ltr'><strong>ore</strong></span> <span class='ocrx_word' id='word_1_164' title='bbox 2698 3057 2783 3127; x_wconf 88' lang='lat' dir='ltr'><strong>ab</strong></span> <span class='ocrx_word' id='word_1_165' title='bbox 2823 3051 3010 3148; x_wconf 85' lang='lat' dir='ltr'><strong>Apo·</strong></span> 
     </span>
     <span class='ocr_line' id='line_1_23' title="bbox 873 3169 3006 3269; baseline 0 -20"><span class='ocrx_word' id='word_1_166' title='bbox 873 3175 1071 3250; x_wconf 87' lang='lat' dir='ltr'><strong>stolis</strong></span> <span class='ocrx_word' id='word_1_167' title='bbox 1128 3185 1485 3269; x_wconf 88' lang='lat' dir='ltr'><strong>acceptae,</strong></span> <span class='ocrx_word' id='word_1_168' title='bbox 1520 3186 1633 3245; x_wconf 90' lang='lat' dir='ltr'><strong>aut</strong></span> <span class='ocrx_word' id='word_1_169' title='bbox 1691 3175 1778 3246; x_wconf 90' lang='lat' dir='ltr'><strong>ab</strong></span> <span class='ocrx_word' id='word_1_170' title='bbox 1819 3176 2002 3267; x_wconf 86' lang='lat' dir='ltr'><strong>ipsis·</strong></span> <span class='ocrx_word' id='word_1_171' title='bbox 2037 3170 2389 3266; x_wconf 80' lang='lat' dir='ltr'><strong>Apostolis</strong></span> <span class='ocrx_word' id='word_1_172' title='bbox 2447 3169 2704 3266; x_wconf 86' lang='lat' dir='ltr'><strong>Spiritu</strong></span> <span class='ocrx_word' id='word_1_173' title='bbox 2743 3172 3006 3249; x_wconf 87' lang='lat' dir='ltr'><strong>Sancto</strong></span> 
     </span>
     <span class='ocr_line' id='line_1_24' title="bbox 873 3294 3007 3390; baseline -0 -21"><span class='ocrx_word' id='word_1_174' title='bbox 873 3296 1183 3370; x_wconf 84' lang='lat' dir='ltr'><strong>dictante</strong></span> <span class='ocrx_word' id='word_1_175' title='bbox 1218 3297 1415 3390; x_wconf 88' lang='lat' dir='ltr'><strong>quasi</strong></span> <span class='ocrx_word' id='word_1_176' title='bbox 1446 3311 1576 3390; x_wconf 89' lang='lat' dir='ltr'><strong>per</strong></span> <span class='ocrx_word' id='word_1_177' title='bbox 1602 3316 1846 3368; x_wconf 87' lang='lat' dir='ltr'><strong>manus</strong></span> <span class='ocrx_word' id='word_1_178' title='bbox 1901 3295 2226 3378; x_wconf 88' lang='lat' dir='ltr'><strong>traditae,</strong></span> <span class='ocrx_word' id='word_1_179' title='bbox 2290 3294 2374 3367; x_wconf 90' lang='lat' dir='ltr'><strong>ad</strong></span> <span class='ocrx_word' id='word_1_180' title='bbox 2429 3315 2557 3367; x_wconf 87' lang='lat' dir='ltr'><strong>nos</strong></span> <span class='ocrx_word' id='word_1_181' title='bbox 2587 3317 2808 3390; x_wconf 87' lang='lat' dir='ltr'><strong>usque</strong></span> <span class='ocrx_word' id='word_1_182' title='bbox 2847 3319 3007 3390; x_wconf 92' lang='lat' dir='ltr'><strong>per-</strong></span> 
     </span>
     <span class='ocr_line' id='line_1_25' title="bbox 872 3407 3005 3514; baseline 0 -26"><span class='ocrx_word' id='word_1_183' title='bbox 872 3428 1225 3490; x_wconf 86' lang='lat' dir='ltr'><strong>venerunt</strong></span> <span class='ocrx_word' id='word_1_184' title='bbox 1252 3409 1383 3514; x_wconf 86' lang='lat'>(3).</span> <span class='ocrx_word' id='word_1_185' title='bbox 1424 3412 1565 3505; x_wconf 88' lang='lat' dir='ltr'><strong>Qui</strong></span> <span class='ocrx_word' id='word_1_186' title='bbox 1620 3415 1904 3509; x_wconf 86' lang='lat' dir='ltr'><strong>quidem</strong></span> <span class='ocrx_word' id='word_1_187' title='bbox 1957 3417 2222 3488; x_wconf 84' lang='lat' dir='ltr'><strong>veteris</strong></span> <span class='ocrx_word' id='word_1_188' title='bbox 2257 3424 2330 3488; x_wconf 93' lang='lat' dir='ltr'><strong>et</strong></span> <span class='ocrx_word' id='word_1_189' title='bbox 2371 3415 2539 3490; x_wconf 85' lang='lat' dir='ltr'><strong>novi</strong></span> <span class='ocrx_word' id='word_1_190' title='bbox 2579 3407 3005 3489; x_wconf 77' lang='lat' dir='ltr'><strong>Testamenti</strong></span> 
     </span>
     <span class='ocr_line' id='line_1_26' title="bbox 873 3534 3009 3629; baseline 0.001 -22"><span class='ocrx_word' id='word_1_191' title='bbox 873 3535 1027 3608; x_wconf 85' lang='lat' dir='ltr'><strong>libri</strong></span> <span class='ocrx_word' id='word_1_192' title='bbox 1084 3534 1339 3628; x_wconf 85' lang='lat' dir='ltr'><strong>integri</strong></span> <span class='ocrx_word' id='word_1_193' title='bbox 1368 3557 1525 3608; x_wconf 90' lang='lat' dir='ltr'><strong>cum</strong></span> <span class='ocrx_word' id='word_1_194' title='bbox 1555 3537 1874 3608; x_wconf 87' lang='lat' dir='ltr'><strong>omnibus</strong></span> <span class='ocrx_word' id='word_1_195' title='bbox 1903 3537 2052 3610; x_wconf 89' lang='lat' dir='ltr'><strong>suis</strong></span> <span class='ocrx_word' id='word_1_196' title='bbox 2089 3537 2428 3628; x_wconf 71' lang='lat' dir='ltr'><strong>partibus),</strong></span> <span class='ocrx_word' id='word_1_197' title='bbox 2470 3549 2682 3629; x_wconf 90' lang='lat' dir='ltr'><strong>prout</strong></span> <span class='ocrx_word' id='word_1_198' title='bbox 2709 3539 2778 3608; x_wconf 90' lang='lat' dir='ltr'><strong>in</strong></span> <span class='ocrx_word' id='word_1_199' title='bbox 2815 3537 3009 3612; x_wconf 83' lang='lat' dir='ltr'><strong>eius-</strong></span> 
     </span>
     <span class='ocr_line' id='line_1_27' title="bbox 877 3654 3012 3741; baseline 0.001 -14"><span class='ocrx_word' id='word_1_200' title='bbox 877 3657 1035 3728; x_wconf 88' lang='lat' dir='ltr'><strong>dem</strong></span> <span class='ocrx_word' id='word_1_201' title='bbox 1086 3654 1386 3730; x_wconf 88' lang='lat' dir='ltr'><strong>Concilii</strong></span> <span class='ocrx_word' id='word_1_202' title='bbox 1442 3657 1728 3731; x_wconf 89' lang='lat' dir='ltr'><strong>decreto</strong></span> <span class='ocrx_word' id='word_1_203' title='bbox 1785 3667 2265 3741; x_wconf 83' lang='lat' dir='ltr'><strong>recensentur,</strong></span> <span class='ocrx_word' id='word_1_204' title='bbox 2327 3666 2399 3729; x_wconf 88' lang='lat' dir='ltr'><strong>et</strong></span> <span class='ocrx_word' id='word_1_205' title='bbox 2453 3659 2526 3728; x_wconf 90' lang='lat' dir='ltr'><strong>in</strong></span> <span class='ocrx_word' id='word_1_206' title='bbox 2582 3658 2804 3731; x_wconf 87' lang='lat' dir='ltr'><strong>veteri</strong></span> <span class='ocrx_word' id='word_1_207' title='bbox 2841 3659 3012 3732; x_wconf 85' lang='lat' dir='ltr'><strong>vul-</strong></span> 
     </span>
     <span class='ocr_line' id='line_1_28' title="bbox 880 3773 3012 3874; baseline 0 -24"><span class='ocrx_word' id='word_1_208' title='bbox 880 3788 1041 3870; x_wconf 89' lang='lat' dir='ltr'><strong>gata</strong></span> <span class='ocrx_word' id='word_1_209' title='bbox 1094 3778 1310 3850; x_wconf 89' lang='lat' dir='ltr'><strong>latina</strong></span> <span class='ocrx_word' id='word_1_210' title='bbox 1366 3777 1672 3850; x_wconf 88' lang='lat' dir='ltr'><strong>editione</strong></span> <span class='ocrx_word' id='word_1_211' title='bbox 1728 3779 2104 3861; x_wconf 85' lang='lat' dir='ltr'><strong>habentur,</strong></span> <span class='ocrx_word' id='word_1_212' title='bbox 2163 3773 2288 3871; x_wconf 90' lang='lat' dir='ltr'><strong>pro</strong></span> <span class='ocrx_word' id='word_1_213' title='bbox 2343 3779 2562 3850; x_wconf 87' lang='lat' dir='ltr'><strong>sacris</strong></span> <span class='ocrx_word' id='word_1_214' title='bbox 2609 3790 2684 3850; x_wconf 89' lang='lat' dir='ltr'><strong>et</strong></span> <span class='ocrx_word' id='word_1_215' title='bbox 2719 3779 3012 3874; x_wconf 83' lang='lat' dir='ltr'><strong>canoni·-</strong></span> 
     </span>
     <span class='ocr_line' id='line_1_29' title="bbox 878 3893 3014 3994; baseline -0.001 -22"><span class='ocrx_word' id='word_1_216' title='bbox 878 3899 982 3972; x_wconf 85' lang='lat' dir='ltr'><strong>cis</strong></span> <span class='ocrx_word' id='word_1_217' title='bbox 1034 3897 1449 3994; x_wconf 84' lang='lat' dir='ltr'><strong>suscipiendi</strong></span> <span class='ocrx_word' id='word_1_218' title='bbox 1490 3909 1678 3971; x_wconf 88' lang='lat' dir='ltr'><strong>sunt.</strong></span> <span class='ocrx_word' id='word_1_219' title='bbox 1711 3894 1854 3972; x_wconf 87' lang='lat' dir='ltr'><strong>Eos</strong></span> <span class='ocrx_word' id='word_1_220' title='bbox 1891 3919 2072 3972; x_wconf 85' lang='lat' dir='ltr'><strong>vero</strong></span> <span class='ocrx_word' id='word_1_221' title='bbox 2127 3893 2450 3972; x_wconf 87' lang='lat' dir='ltr'><strong>Ecclesia</strong></span> <span class='ocrx_word' id='word_1_222' title='bbox 2499 3920 2624 3992; x_wconf 92' lang='lat' dir='ltr'><strong>pro</strong></span> <span class='ocrx_word' id='word_1_223' title='bbox 2677 3901 2898 3972; x_wconf 85' lang='lat' dir='ltr'><strong>sacris</strong></span> <span class='ocrx_word' id='word_1_224' title='bbox 2937 3913 3014 3972; x_wconf 86' lang='lat' dir='ltr'><strong>et</strong></span> 
     </span>
    </p>
   </div>
   <div class='ocr_carea' id='block_1_7' title="bbox 1038 4182 2794 4455">
    <p class='ocr_par' dir='ltr' id='par_1_9' title="bbox 1038 4182 2794 4455">
     <span class='ocr_line' id='line_1_30' title="bbox 1044 4182 1650 4268; baseline -0.007 -17"><span class='ocrx_word' id='word_1_225' title='bbox 1044 4183 1125 4268; x_wconf 85' lang='grc'><strong>(1)</strong></span> <span class='ocrx_word' id='word_1_226' title='bbox 1168 4183 1369 4251; x_wconf 82' lang='lat' dir='ltr'><strong>Hebr.</strong></span> <span class='ocrx_word' id='word_1_227' title='bbox 1416 4182 1467 4249; x_wconf 93' lang='lat'><strong>1.</strong></span> <span class='ocrx_word' id='word_1_228' title='bbox 1510 4182 1650 4251; x_wconf 80' lang='lat'>1-2.</span> 
     </span>
     <span class='ocr_line' id='line_1_31' title="bbox 1038 4276 2648 4362; baseline -0.004 -18"><span class='ocrx_word' id='word_1_229' title='bbox 1038 4279 1121 4362; x_wconf 78' lang='lat'><strong>(2)</strong></span> <span class='ocrx_word' id='word_1_230' title='bbox 1160 4276 1222 4344; x_wconf 90' lang='lat'><strong>1.</strong></span> <span class='ocrx_word' id='word_1_231' title='bbox 1269 4277 1418 4346; x_wconf 90' lang='lat' dir='ltr'><strong>Cor.</strong></span> <span class='ocrx_word' id='word_1_232' title='bbox 1465 4276 1551 4343; x_wconf 91' lang='lat'><strong>11.</strong></span> <span class='ocrx_word' id='word_1_233' title='bbox 1593 4277 1657 4346; x_wconf 85' lang='lat'><strong>9.</strong></span> <span class='ocrx_word' id='word_1_234' title='bbox 2207 4346 2214 4354; x_wconf 49' lang='grc'>,</span> <span class='ocrx_word' id='word_1_235' title='bbox 2639 4349 2648 4356; x_wconf 82' lang='lat'><strong>.</strong></span> 
     </span>
     <span class='ocr_line' id='line_1_32' title="bbox 1040 4369 2794 4455; baseline -0.002 -15"><span class='ocrx_word' id='word_1_236' title='bbox 1040 4371 1123 4455; x_wconf 85' lang='lat'><strong>(3)</strong></span> <span class='ocrx_word' id='word_1_237' title='bbox 1164 4373 1361 4440; x_wconf 89' lang='lat' dir='ltr'><strong>Conc.</strong></span> <span class='ocrx_word' id='word_1_238' title='bbox 1408 4371 1583 4436; x_wconf 87' lang='lat' dir='ltr'><strong>Trid.</strong></span> <span class='ocrx_word' id='word_1_239' title='bbox 1626 4391 1782 4438; x_wconf 84' lang='lat' dir='ltr'><strong>sess.</strong></span> <span class='ocrx_word' id='word_1_240' title='bbox 1832 4369 1942 4436; x_wconf 81' lang='lat' dir='ltr'><strong>IV.</strong></span> <span class='ocrx_word' id='word_1_241' title='bbox 1993 4371 2185 4439; x_wconf 87' lang='lat' dir='ltr'><strong>Decr.</strong></span> <span class='ocrx_word' id='word_1_242' title='bbox 2231 4375 2310 4438; x_wconf 85' lang='lat' dir='ltr'><strong>de</strong></span> <span class='ocrx_word' id='word_1_243' title='bbox 2353 4373 2510 4440; x_wconf 85' lang='lat' dir='ltr'><strong>Gan.</strong></span> <span class='ocrx_word' id='word_1_244' title='bbox 2557 4372 2794 4455; x_wconf 86' lang='lat' dir='ltr'><strong>Script.</strong></span> 
     </span>
    </p>
   </div>
  </div>
 </body>
</html>
