<?xml version="1.0" encoding="UTF-8"?>
<!DOCTYPE html PUBLIC "-//W3C//DTD XHTML 1.0 Transitional//EN"
    "http://www.w3.org/TR/xhtml1/DTD/xhtml1-transitional.dtd">
<html xmlns="http://www.w3.org/1999/xhtml" xml:lang="en" lang="en">
 <head>
  <title>
</title>
<meta http-equiv="Content-Type" content="text/html;charset=utf-8" />
  <meta name='ocr-system' content='tesseract 3.04.00' />
  <meta name='ocr-capabilities' content='ocr_page ocr_carea ocr_par ocr_line ocrx_word'/>
</head>
<body>
  <div class='ocr_page' id='page_1' title='image "./piiixpontificis01ixgoog_0516.png"; bbox 0 0 3292 5275; ppageno 0'>
   <div class='ocr_carea' id='block_1_1' title="bbox 835 608 2997 4223">
    <p class='ocr_par' dir='ltr' id='par_1_1' title="bbox 851 608 2997 2038">
     <span class='ocr_line' id='line_1_1' title="bbox 860 608 2997 704; baseline -0 -21"><span class='ocrx_word' id='word_1_1' title='bbox 860 632 1022 684; x_wconf 81' lang='lat' dir='ltr'><strong>nem</strong></span> <span class='ocrx_word' id='word_1_2' title='bbox 1059 608 1530 696; x_wconf 62' lang='lat' dir='ltr'><strong>Renes-surus,</strong></span> <span class='ocrx_word' id='word_1_3' title='bbox 1568 610 1953 693; x_wconf 80' lang='lat' dir='ltr'><strong>ternariam</strong></span> <span class='ocrx_word' id='word_1_4' title='bbox 2002 612 2377 704; x_wconf 82' lang='lat' dir='ltr'><strong>quamdam</strong></span> <span class='ocrx_word' id='word_1_5' title='bbox 2430 611 2997 703; x_wconf 82' lang='lat' dir='ltr'><strong>propositionem</strong></span> 
     </span>
     <span class='ocr_line' id='line_1_2' title="bbox 858 728 2993 825; baseline -0.001 -21"><span class='ocrx_word' id='word_1_6' title='bbox 858 733 1332 825; x_wconf 79' lang='lat' dir='ltr'><strong>acciperemus</strong></span> <span class='ocrx_word' id='word_1_7' title='bbox 1369 780 1390 818; x_wconf 91' lang='lat'><strong>,</strong></span> <span class='ocrx_word' id='word_1_8' title='bbox 1449 752 1490 803; x_wconf 86' lang='lat' dir='ltr'><strong>e</strong></span> <span class='ocrx_word' id='word_1_9' title='bbox 1551 753 1695 824; x_wconf 82' lang='lat' dir='ltr'><strong>qua</strong></span> <span class='ocrx_word' id='word_1_10' title='bbox 1774 728 2203 823; x_wconf 81' lang='lat' dir='ltr'><strong>Episcopum</strong></span> <span class='ocrx_word' id='word_1_11' title='bbox 2282 731 2547 821; x_wconf 79' lang='lat' dir='ltr'><strong>eligere</strong></span> <span class='ocrx_word' id='word_1_12' title='bbox 2630 752 2773 803; x_wconf 88' lang='lat' dir='ltr'><strong>non</strong></span> <span class='ocrx_word' id='word_1_13' title='bbox 2852 752 2993 821; x_wconf 89' lang='lat' dir='ltr'><strong>po-</strong></span> 
     </span>
     <span class='ocr_line' id='line_1_3' title="bbox 859 848 2993 946; baseline 0.001 -23"><span class='ocrx_word' id='word_1_14' title='bbox 859 855 1144 927; x_wconf 76' lang='lat' dir='ltr'><strong>tuimuS.</strong></span> <span class='ocrx_word' id='word_1_15' title='bbox 1201 848 1432 941; x_wconf 84' lang='lat' dir='ltr'><strong>Quam</strong></span> <span class='ocrx_word' id='word_1_16' title='bbox 1513 851 1803 946; x_wconf 84' lang='lat' dir='ltr'><strong>proinde</strong></span> <span class='ocrx_word' id='word_1_17' title='bbox 1860 874 1903 923; x_wconf 83' lang='lat' dir='ltr'><strong>a</strong></span> <span class='ocrx_word' id='word_1_18' title='bbox 1958 852 2231 944; x_wconf 88' lang='lat' dir='ltr'><strong>synodo</strong></span> <span class='ocrx_word' id='word_1_19' title='bbox 2290 848 2807 945; x_wconf 80' lang='lat' dir='ltr'><strong>Episcoporum</strong></span> <span class='ocrx_word' id='word_1_20' title='bbox 2884 851 2993 925; x_wconf 87' lang='lat' dir='ltr'><strong>iu-</strong></span> 
     </span>
     <span class='ocr_line' id='line_1_4' title="bbox 857 968 2993 1067; baseline -0.001 -20"><span class='ocrx_word' id='word_1_21' title='bbox 857 986 980 1047; x_wconf 78' lang='lat' dir='ltr'><strong>xta</strong></span> <span class='ocrx_word' id='word_1_22' title='bbox 1041 976 1508 1067; x_wconf 75' lang='lat' dir='ltr'><strong>praescriptas</strong></span> <span class='ocrx_word' id='word_1_23' title='bbox 1563 996 1600 1044; x_wconf 86' lang='lat' dir='ltr'><strong>a</strong></span> <span class='ocrx_word' id='word_1_24' title='bbox 1656 968 1865 1045; x_wconf 72' lang='lat' dir='ltr'><strong>Nobis</strong></span> <span class='ocrx_word' id='word_1_25' title='bbox 1946 974 2135 1066; x_wconf 80' lang='lat' dir='ltr'><strong>leges</strong></span> <span class='ocrx_word' id='word_1_26' title='bbox 2232 970 2701 1053; x_wconf 73' lang='lat' dir='ltr'><strong>innovandam</strong></span> <span class='ocrx_word' id='word_1_27' title='bbox 2758 973 2993 1045; x_wconf 81' lang='lat' dir='ltr'><strong>edixi·</strong></span> 
     </span>
     <span class='ocr_line' id='line_1_5' title="bbox 857 1092 2994 1191; baseline -0 -23"><span class='ocrx_word' id='word_1_28' title='bbox 857 1113 1040 1183; x_wconf 87' lang='lat' dir='ltr'><strong>mus,</strong></span> <span class='ocrx_word' id='word_1_29' title='bbox 1099 1096 1270 1191; x_wconf 91' lang='lat' dir='ltr'><strong>quin</strong></span> <span class='ocrx_word' id='word_1_30' title='bbox 1327 1098 1536 1168; x_wconf 87' lang='lat' dir='ltr'><strong>alium</strong></span> <span class='ocrx_word' id='word_1_31' title='bbox 1591 1116 1737 1168; x_wconf 89' lang='lat' dir='ltr'><strong>non</strong></span> <span class='ocrx_word' id='word_1_32' title='bbox 1793 1094 2227 1187; x_wconf 84' lang='lat' dir='ltr'><strong>propositum</strong></span> <span class='ocrx_word' id='word_1_33' title='bbox 2280 1092 2761 1185; x_wconf 75' lang='lat' dir='ltr'><strong>eligeremusz</strong></span> <span class='ocrx_word' id='word_1_34' title='bbox 2814 1116 2994 1188; x_wconf 90' lang='lat' dir='ltr'><strong>quo-</strong></span> 
     </span>
     <span class='ocr_line' id='line_1_6' title="bbox 855 1209 2985 1311; baseline 0 -23"><span class='ocrx_word' id='word_1_35' title='bbox 855 1215 1078 1290; x_wconf 81' lang='lat' dir='ltr'>minus</span> <span class='ocrx_word' id='word_1_36' title='bbox 1133 1238 1300 1291; x_wconf 79' lang='lat' dir='ltr'><strong>vero</strong></span> <span class='ocrx_word' id='word_1_37' title='bbox 1351 1217 1426 1289; x_wconf 88' lang='lat' dir='ltr'><strong>id</strong></span> <span class='ocrx_word' id='word_1_38' title='bbox 1479 1216 1711 1295; x_wconf 84' lang='lat' dir='ltr'><strong>fieret,</strong></span> <span class='ocrx_word' id='word_1_39' title='bbox 1766 1236 2035 1289; x_wconf 82' lang='lat' dir='ltr'><strong>novum</strong></span> <span class='ocrx_word' id='word_1_40' title='bbox 2086 1214 2383 1289; x_wconf 78' lang='lat' dir='ltr'><strong>schisma</strong></span> <span class='ocrx_word' id='word_1_41' title='bbox 2408 1304 2417 1311; x_wconf 22' lang='grc' dir='ltr'>ι</span> <span class='ocrx_word' id='word_1_42' title='bbox 2438 1235 2579 1307; x_wconf 89' lang='lat' dir='ltr'><strong>quo</strong></span> <span class='ocrx_word' id='word_1_43' title='bbox 2608 1209 2985 1289; x_wconf 84' lang='lat' dir='ltr'><strong>Armenio-</strong></span> 
     </span>
     <span class='ocr_line' id='line_1_7' title="bbox 855 1335 2989 1431; baseline 0 -22"><span class='ocrx_word' id='word_1_44' title='bbox 855 1362 1030 1410; x_wconf 75' lang='lat' dir='ltr'><strong>rum.</strong></span> <span class='ocrx_word' id='word_1_45' title='bbox 1061 1340 1358 1411; x_wconf 83' lang='lat' dir='ltr'><strong>ecclesia</strong></span> <span class='ocrx_word' id='word_1_46' title='bbox 1410 1335 1785 1411; x_wconf 80' lang='lat' dir='ltr'><strong>dilacerari</strong></span> <span class='ocrx_word' id='word_1_47' title='bbox 1823 1338 2081 1431; x_wconf 87' lang='lat' dir='ltr'><strong>coepit,</strong></span> <span class='ocrx_word' id='word_1_48' title='bbox 2120 1337 2457 1409; x_wconf 84' lang='lat' dir='ltr'><strong>hacteuus</strong></span> <span class='ocrx_word' id='word_1_49' title='bbox 2518 1336 2989 1427; x_wconf 85' lang='lat' dir='ltr'><strong>impedimen-</strong></span> 
     </span>
     <span class='ocr_line' id='line_1_8' title="bbox 852 1454 2987 1550; baseline 0 -19"><span class='ocrx_word' id='word_1_50' title='bbox 852 1472 924 1531; x_wconf 89' lang='lat' dir='ltr'><strong>to</strong></span> <span class='ocrx_word' id='word_1_51' title='bbox 979 1461 1134 1533; x_wconf 82' lang='lat' dir='ltr'><strong>fuit.</strong></span> <span class='ocrx_word' id='word_1_52' title='bbox 1193 1454 1414 1532; x_wconf 80' lang='lat' dir='ltr'><strong>Porro</strong></span> <span class='ocrx_word' id='word_1_53' title='bbox 1468 1459 1789 1533; x_wconf 80' lang='lat' dir='ltr'><strong>futurum</strong></span> <span class='ocrx_word' id='word_1_54' title='bbox 1842 1456 2286 1541; x_wconf 74' lang='lat' dir='ltr'><strong>conlidimu3‚</strong></span> <span class='ocrx_word' id='word_1_55' title='bbox 2348 1476 2731 1550; x_wconf 84' lang='lat' dir='ltr'><strong>numquam</strong></span> <span class='ocrx_word' id='word_1_56' title='bbox 2782 1460 2987 1531; x_wconf 82' lang='lat' dir='ltr'><strong>cala-</strong></span> 
     </span>
     <span class='ocr_line' id='line_1_9' title="bbox 851 1558 2985 1673; baseline 0.001 -23"><span class='ocrx_word' id='word_1_57' title='bbox 851 1582 1102 1653; x_wconf 80' lang='lat' dir='ltr'><strong>mitosa</strong></span> <span class='ocrx_word' id='word_1_58' title='bbox 1185 1580 1357 1653; x_wconf 86' lang='lat' dir='ltr'><strong>adeo</strong></span> <span class='ocrx_word' id='word_1_59' title='bbox 1436 1591 1757 1673; x_wconf 86' lang='lat' dir='ltr'><strong>tempora</strong></span> <span class='ocrx_word' id='word_1_60' title='bbox 1808 1574 2153 1651; x_wconf 83' lang='lat' dir='ltr'><strong>Armeniis</strong></span> <span class='ocrx_word' id='word_1_61' title='bbox 2210 1558 2587 1651; x_wconf 67' lang='lat' dir='ltr'><strong>catholicis</strong></span> <span class='ocrx_word' id='word_1_62' title='bbox 2662 1580 2985 1653; x_wconf 87' lang='lat' dir='ltr'><strong>ecclesiis</strong></span> 
     </span>
     <span class='ocr_line' id='line_1_10' title="bbox 855 1694 2985 1791; baseline 0.001 -20"><span class='ocrx_word' id='word_1_63' title='bbox 855 1702 1002 1774; x_wconf 79' lang='lat' dir='ltr'><strong>fore</strong></span> <span class='ocrx_word' id='word_1_64' title='bbox 1081 1712 1388 1777; x_wconf 81' lang='lat' dir='ltr'><strong>ventura</strong></span> <span class='ocrx_word' id='word_1_65' title='bbox 1419 1748 1442 1786; x_wconf 87' lang='lat'>‚</span> <span class='ocrx_word' id='word_1_66' title='bbox 1507 1712 1588 1773; x_wconf 88' lang='lat' dir='ltr'><strong>ut</strong></span> <span class='ocrx_word' id='word_1_67' title='bbox 1652 1696 1947 1772; x_wconf 85' lang='lat' dir='ltr'><strong>Romani</strong></span> <span class='ocrx_word' id='word_1_68' title='bbox 2009 1694 2389 1771; x_wconf 83' lang='lat' dir='ltr'><strong>Pontifices</strong></span> <span class='ocrx_word' id='word_1_69' title='bbox 2472 1700 2985 1791; x_wconf 86' lang='lat' dir='ltr'><strong>compellantur</strong></span> 
     </span>
     <span class='ocr_line' id='line_1_11' title="bbox 851 1815 2989 1915; baseline 0 -22"><span class='ocrx_word' id='word_1_70' title='bbox 851 1823 1044 1896; x_wconf 80' lang='lat' dir='ltr'><strong>viros</strong></span> <span class='ocrx_word' id='word_1_71' title='bbox 1100 1824 1352 1896; x_wconf 85' lang='lat' dir='ltr'><strong>iisdem</strong></span> <span class='ocrx_word' id='word_1_72' title='bbox 1408 1820 1792 1915; x_wconf 84' lang='lat' dir='ltr'><strong>praeficere</strong></span> <span class='ocrx_word' id='word_1_73' title='bbox 1834 1821 1925 1893; x_wconf 82' lang='lat' dir='ltr'><strong>ab</strong></span> <span class='ocrx_word' id='word_1_74' title='bbox 1962 1815 2471 1914; x_wconf 82' lang='lat' dir='ltr'><strong>Episcoporum</strong></span> <span class='ocrx_word' id='word_1_75' title='bbox 2528 1822 2797 1914; x_wconf 79' lang='lat' dir='ltr'><strong>synodo</strong></span> <span class='ocrx_word' id='word_1_76' title='bbox 2840 1842 2989 1895; x_wconf 86' lang='lat' dir='ltr'><strong>non</strong></span> 
     </span>
     <span class='ocr_line' id='line_1_12' title="bbox 855 1946 1278 2038; baseline 0.005 -23"><span class='ocrx_word' id='word_1_77' title='bbox 855 1946 1278 2038; x_wconf 84' lang='lat' dir='ltr'><strong>propositos.</strong></span> 
     </span>
    </p>

    <p class='ocr_par' dir='ltr' id='par_1_2' title="bbox 835 2055 2987 4223">
     <span class='ocr_line' id='line_1_13' title="bbox 862 2055 2984 2166; baseline 0.001 -28"><span class='ocrx_word' id='word_1_78' title='bbox 862 2117 870 2125; x_wconf 86' lang='lat'>-</span> <span class='ocrx_word' id='word_1_79' title='bbox 954 2055 1084 2138; x_wconf 70' lang='grc'><strong>34.</strong></span> <span class='ocrx_word' id='word_1_80' title='bbox 1145 2060 1384 2166; x_wconf 81' lang='lat' dir='ltr'><strong>Pauca</strong></span> <span class='ocrx_word' id='word_1_81' title='bbox 1437 2064 1696 2137; x_wconf 80' lang='lat' dir='ltr'><strong>addere</strong></span> <span class='ocrx_word' id='word_1_82' title='bbox 1748 2061 1951 2139; x_wconf 86' lang='lat' dir='ltr'><strong>iuvat</strong></span> <span class='ocrx_word' id='word_1_83' title='bbox 1992 2064 2081 2139; x_wconf 88' lang='lat' dir='ltr'><strong>de</strong></span> <span class='ocrx_word' id='word_1_84' title='bbox 2120 2068 2337 2141; x_wconf 80' lang='lat' dir='ltr'><strong>vetita</strong></span> <span class='ocrx_word' id='word_1_85' title='bbox 2390 2062 2984 2141; x_wconf 75' lang='lat' dir='ltr'><strong>patriarcharum</strong></span> 
     </span>
     <span class='ocr_line' id='line_1_14' title="bbox 847 2183 2987 2280; baseline 0.002 -23"><span class='ocrx_word' id='word_1_86' title='bbox 847 2183 1442 2261; x_wconf 75' lang='lat' dir='ltr'><strong>inthronizatione</strong></span> <span class='ocrx_word' id='word_1_87' title='bbox 1493 2199 1663 2259; x_wconf 81' lang='lat' dir='ltr'><strong>ante</strong></span> <span class='ocrx_word' id='word_1_88' title='bbox 1712 2184 2165 2280; x_wconf 85' lang='lat' dir='ltr'><strong>apostolicam</strong></span> <span class='ocrx_word' id='word_1_89' title='bbox 2200 2188 2409 2263; x_wconf 89' lang='lat' dir='ltr'><strong>huius</strong></span> <span class='ocrx_word' id='word_1_90' title='bbox 2450 2186 2528 2262; x_wconf 89' lang='lat' dir='ltr'><strong>S.</strong></span> <span class='ocrx_word' id='word_1_91' title='bbox 2569 2185 2773 2262; x_wconf 85' lang='lat' dir='ltr'><strong>Sedis</strong></span> <span class='ocrx_word' id='word_1_92' title='bbox 2816 2208 2987 2261; x_wconf 87' lang='lat' dir='ltr'><strong>cou-</strong></span> 
     </span>
     <span class='ocr_line' id='line_1_15' title="bbox 845 2303 2987 2403; baseline 0.002 -26"><span class='ocrx_word' id='word_1_93' title='bbox 845 2304 1333 2381; x_wconf 68' lang='lat' dir='ltr'><strong>sin-mationem.</strong></span> <span class='ocrx_word' id='word_1_94' title='bbox 1373 2303 1939 2381; x_wconf 78' lang='lat' dir='ltr'><strong>Patriarcharum</strong></span> <span class='ocrx_word' id='word_1_95' title='bbox 1977 2307 2399 2385; x_wconf 79' lang='lat' dir='ltr'><strong>electionem</strong></span> <span class='ocrx_word' id='word_1_96' title='bbox 2443 2330 2823 2403; x_wconf 79' lang='lat' dir='ltr'><strong>numquam</strong></span> <span class='ocrx_word' id='word_1_97' title='bbox 2860 2307 2987 2381; x_wconf 84' lang='lat' dir='ltr'><strong>fir·</strong></span> 
     </span>
     <span class='ocr_line' id='line_1_16' title="bbox 848 2426 2983 2525; baseline 0.002 -26"><span class='ocrx_word' id='word_1_98' title='bbox 848 2444 1032 2499; x_wconf 80' lang='lat' dir='ltr'><strong>mam</strong></span> <span class='ocrx_word' id='word_1_99' title='bbox 1087 2441 1454 2523; x_wconf 84' lang='lat' dir='ltr'><strong>ratamque</strong></span> <span class='ocrx_word' id='word_1_100' title='bbox 1507 2428 1822 2502; x_wconf 75' lang='lat' dir='ltr'><strong>habitam</strong></span> <span class='ocrx_word' id='word_1_101' title='bbox 1878 2430 2099 2503; x_wconf 80' lang='lat' dir='ltr'><strong>ruisse</strong></span> <span class='ocrx_word' id='word_1_102' title='bbox 2146 2429 2409 2525; x_wconf 84' lang='lat' dir='ltr'><strong>absque</strong></span> <span class='ocrx_word' id='word_1_103' title='bbox 2451 2428 2751 2505; x_wconf 80' lang='lat' dir='ltr'><strong>Romani</strong></span> <span class='ocrx_word' id='word_1_104' title='bbox 2792 2426 2983 2503; x_wconf 87' lang='lat' dir='ltr'><strong>Pou-</strong></span> 
     </span>
     <span class='ocr_line' id='line_1_17' title="bbox 847 2549 2985 2639; baseline 0 -16"><span class='ocrx_word' id='word_1_105' title='bbox 847 2549 1060 2623; x_wconf 82' lang='lat' dir='ltr'><strong>tiflcis</strong></span> <span class='ocrx_word' id='word_1_106' title='bbox 1115 2569 1406 2625; x_wconf 85' lang='lat' dir='ltr'><strong>assensu</strong></span> <span class='ocrx_word' id='word_1_107' title='bbox 1459 2564 1534 2623; x_wconf 85' lang='lat' dir='ltr'><strong>ct</strong></span> <span class='ocrx_word' id='word_1_108' title='bbox 1587 2550 2135 2639; x_wconf 84' lang='lat' dir='ltr'><strong>confirmatione,</strong></span> <span class='ocrx_word' id='word_1_109' title='bbox 2183 2564 2513 2626; x_wconf 81' lang='lat' dir='ltr'><strong>veterum</strong></span> <span class='ocrx_word' id='word_1_110' title='bbox 2568 2572 2985 2625; x_wconf 84' lang='lat' dir='ltr'><strong>monumen·</strong></span> 
     </span>
     <span class='ocr_line' id='line_1_18' title="bbox 847 2671 2985 2767; baseline 0.001 -23"><span class='ocrx_word' id='word_1_111' title='bbox 847 2679 921 2744; x_wconf 79' lang='lat' dir='ltr'><strong>ta</strong></span> <span class='ocrx_word' id='word_1_112' title='bbox 981 2683 1330 2746; x_wconf 75' lang='lat' dir='ltr'><strong>testantur</strong></span> <span class='ocrx_word' id='word_1_113' title='bbox 1360 2694 1386 2763; x_wconf 80' lang='lat'>3</span> <span class='ocrx_word' id='word_1_114' title='bbox 1421 2693 1630 2767; x_wconf 80' lang='lat' dir='ltr'><strong>quam</strong></span> <span class='ocrx_word' id='word_1_115' title='bbox 1684 2671 1971 2766; x_wconf 84' lang='lat' dir='ltr'><strong>proinde</strong></span> <span class='ocrx_word' id='word_1_116' title='bbox 2028 2673 2637 2748; x_wconf 82' lang='lat' dir='ltr'><strong>confirmationem</strong></span> <span class='ocrx_word' id='word_1_117' title='bbox 2682 2673 2777 2747; x_wconf 80' lang='lat' dir='ltr'><strong>ab</strong></span> <span class='ocrx_word' id='word_1_118' title='bbox 2828 2674 2985 2746; x_wconf 87' lang='lat' dir='ltr'><strong>ele-</strong></span> 
     </span>
     <span class='ocr_line' id='line_1_19' title="bbox 845 2793 2981 2889; baseline 0 -23"><span class='ocrx_word' id='word_1_119' title='bbox 845 2793 983 2866; x_wconf 87' lang='lat' dir='ltr'><strong>ctis</strong></span> <span class='ocrx_word' id='word_1_120' title='bbox 1045 2794 1135 2866; x_wconf 80' lang='lat' dir='ltr'><strong>nd</strong></span> <span class='ocrx_word' id='word_1_121' title='bbox 1161 2844 1168 2852; x_wconf 80' lang='lat'><em>-</em></span> <span class='ocrx_word' id='word_1_122' title='bbox 1199 2793 1699 2888; x_wconf 61' lang='lat' dir='ltr'><strong>patriarchales</strong></span> <span class='ocrx_word' id='word_1_123' title='bbox 1752 2794 1955 2867; x_wconf 80' lang='lat' dir='ltr'><strong>sedes</strong></span> <span class='ocrx_word' id='word_1_124' title='bbox 2014 2797 2250 2889; x_wconf 79' lang='lat' dir='ltr'><strong>expeti</strong></span> <span class='ocrx_word' id='word_1_125' title='bbox 2262 2805 2409 2869; x_wconf 83' lang='lat' dir='ltr'><strong>tam</strong></span> <span class='ocrx_word' id='word_1_126' title='bbox 2473 2795 2691 2868; x_wconf 80' lang='lat' dir='ltr'><strong>fuisse</strong></span> <span class='ocrx_word' id='word_1_127' title='bbox 2720 2841 2745 2878; x_wconf 87' lang='lat'>,</span> <span class='ocrx_word' id='word_1_128' title='bbox 2802 2793 2981 2886; x_wconf 75' lang='lat' dir='ltr'><strong>ipsis</strong></span> 
     </span>
     <span class='ocr_line' id='line_1_20' title="bbox 843 2914 2979 3010; baseline 0.001 -24"><span class='ocrx_word' id='word_1_129' title='bbox 843 2914 1056 2986; x_wconf 79' lang='lat' dir='ltr'><strong>ctiam</strong></span> <span class='ocrx_word' id='word_1_130' title='bbox 1115 2915 1659 3007; x_wconf 77' lang='lat' dir='ltr'><strong>imperatoribus</strong></span> <span class='ocrx_word' id='word_1_131' title='bbox 1714 2915 2307 3010; x_wconf 81' lang='lat' dir='ltr'><strong>deprecantibus,</strong></span> <span class='ocrx_word' id='word_1_132' title='bbox 2346 2925 2787 3008; x_wconf 79' lang='lat' dir='ltr'><strong>compertum</strong></span> <span class='ocrx_word' id='word_1_133' title='bbox 2842 2926 2979 2988; x_wconf 82' lang='lat' dir='ltr'><strong>est.</strong></span> 
     </span>
     <span class='ocr_line' id='line_1_21' title="bbox 841 3031 2979 3125; baseline 0.001 -19"><span class='ocrx_word' id='word_1_134' title='bbox 841 3031 980 3120; x_wconf 80' lang='lat' dir='ltr'><strong>lta,</strong></span> <span class='ocrx_word' id='word_1_135' title='bbox 1037 3047 1116 3107; x_wconf 89' lang='lat' dir='ltr'><strong>ut</strong></span> <span class='ocrx_word' id='word_1_136' title='bbox 1171 3037 1246 3107; x_wconf 86' lang='lat' dir='ltr'><strong>in</strong></span> <span class='ocrx_word' id='word_1_137' title='bbox 1303 3058 1378 3107; x_wconf 81' lang='lat' dir='ltr'><strong>re</strong></span> <span class='ocrx_word' id='word_1_138' title='bbox 1433 3033 1795 3117; x_wconf 81' lang='lat' dir='ltr'><strong>notissima</strong></span> <span class='ocrx_word' id='word_1_139' title='bbox 1850 3037 2029 3110; x_wconf 84' lang='lat' dir='ltr'><strong>alios</strong></span> <span class='ocrx_word' id='word_1_140' title='bbox 2090 3039 2493 3112; x_wconf 86' lang='lat' dir='ltr'><strong>omittamus</strong></span> <span class='ocrx_word' id='word_1_141' title='bbox 2520 3084 2548 3125; x_wconf 85' lang='lat'><strong><em>,</em></strong></span> <span class='ocrx_word' id='word_1_142' title='bbox 2600 3033 2979 3118; x_wconf 75' lang='lat' dir='ltr'><strong>Anatolius</strong></span> 
     </span>
     <span class='ocr_line' id='line_1_22' title="bbox 839 3152 2983 3252; baseline 0.001 -24"><span class='ocrx_word' id='word_1_143' title='bbox 839 3152 1673 3250; x_wconf 65' lang='lat' dir='ltr'><strong>Constantinopolitanus</strong></span> <span class='ocrx_word' id='word_1_144' title='bbox 1726 3153 2118 3252; x_wconf 78' lang='lat' dir='ltr'><strong>Episcopus</strong></span> <span class='ocrx_word' id='word_1_145' title='bbox 2145 3160 2346 3245; x_wconf 53' lang='lat' dir='ltr'><strong>„vit</strong></span> <span class='ocrx_word' id='word_1_146' title='bbox 2398 3168 2591 3232; x_wconf 82' lang='lat' dir='ltr'><strong>corte</strong></span> <span class='ocrx_word' id='word_1_147' title='bbox 2640 3157 2729 3229; x_wconf 81' lang='lat' dir='ltr'><strong>de</strong></span> <span class='ocrx_word' id='word_1_148' title='bbox 2780 3154 2983 3250; x_wconf 86' lang='lat' dir='ltr'><strong>Apo-</strong></span> 
     </span>
     <span class='ocr_line' id='line_1_23' title="bbox 843 3269 2985 3374; baseline 0.002 -26"><span class='ocrx_word' id='word_1_149' title='bbox 843 3269 1090 3356; x_wconf 80' lang='lat' dir='ltr'><strong>stolica</strong></span> <span class='ocrx_word' id='word_1_150' title='bbox 1129 3273 1311 3351; x_wconf 87' lang='lat' dir='ltr'><strong>Sede</strong></span> <span class='ocrx_word' id='word_1_151' title='bbox 1366 3299 1502 3351; x_wconf 88' lang='lat' dir='ltr'><strong>non</strong></span> <span class='ocrx_word' id='word_1_152' title='bbox 1561 3279 1826 3372; x_wconf 86' lang='lat' dir='ltr'><strong>optime</strong></span> <span class='ocrx_word' id='word_1_153' title='bbox 1870 3281 2233 3368; x_wconf 77' lang='lat' dir='ltr'><strong>meritus3</strong></span> <span class='ocrx_word' id='word_1_154' title='bbox 2284 3279 2449 3374; x_wconf 87' lang='lat' dir='ltr'><strong>quin</strong></span> <span class='ocrx_word' id='word_1_155' title='bbox 2488 3280 2754 3371; x_wconf 71' lang='lat' dir='ltr'><strong>etipse</strong></span> <span class='ocrx_word' id='word_1_156' title='bbox 2791 3273 2985 3352; x_wconf 87' lang='lat' dir='ltr'><strong>Pho-</strong></span> 
     </span>
     <span class='ocr_line' id='line_1_24' title="bbox 841 3393 2981 3491; baseline 0.002 -21"><span class='ocrx_word' id='word_1_157' title='bbox 841 3398 988 3473; x_wconf 84' lang='lat' dir='ltr'><strong>tius</strong></span> <span class='ocrx_word' id='word_1_158' title='bbox 1042 3399 1310 3491; x_wconf 80' lang='lat' dir='ltr'><strong>primus</strong></span> <span class='ocrx_word' id='word_1_159' title='bbox 1355 3393 1616 3474; x_wconf 84' lang='lat' dir='ltr'><strong>Graeci</strong></span> <span class='ocrx_word' id='word_1_160' title='bbox 1674 3398 2069 3474; x_wconf 80' lang='lat' dir='ltr'><strong>schismatis</strong></span> <span class='ocrx_word' id='word_1_161' title='bbox 2124 3412 2401 3487; x_wconf 82' lang='lat' dir='ltr'><strong>auctor,</strong></span> <span class='ocrx_word' id='word_1_162' title='bbox 2458 3410 2543 3474; x_wconf 87' lang='lat' dir='ltr'><strong>ut</strong></span> <span class='ocrx_word' id='word_1_163' title='bbox 2592 3401 2981 3474; x_wconf 78' lang='lat' dir='ltr'><strong>electiones</strong></span> 
     </span>
     <span class='ocr_line' id='line_1_25' title="bbox 841 3516 2983 3612; baseline 0.001 -20"><span class='ocrx_word' id='word_1_164' title='bbox 841 3541 1006 3592; x_wconf 90' lang='lat' dir='ltr'><strong>suae</strong></span> <span class='ocrx_word' id='word_1_165' title='bbox 1063 3516 1361 3594; x_wconf 79' lang='lat' dir='ltr'><strong>Romani</strong></span> <span class='ocrx_word' id='word_1_166' title='bbox 1417 3517 1779 3594; x_wconf 85' lang='lat' dir='ltr'><strong>Pontifieis</strong></span> <span class='ocrx_word' id='word_1_167' title='bbox 1841 3521 2295 3596; x_wconf 79' lang='lat' dir='ltr'><strong>firmarentur</strong></span> <span class='ocrx_word' id='word_1_168' title='bbox 2360 3542 2653 3595; x_wconf 77' lang='lat' dir='ltr'><strong>assensu</strong></span> <span class='ocrx_word' id='word_1_169' title='bbox 2686 3567 2707 3605; x_wconf 90' lang='lat'>‚</span> <span class='ocrx_word' id='word_1_170' title='bbox 2768 3521 2983 3612; x_wconf 76' lang='lat' dir='ltr'><strong>flagi-</strong></span> 
     </span>
     <span class='ocr_line' id='line_1_26' title="bbox 839 3635 2981 3738; baseline 0.001 -26"><span class='ocrx_word' id='word_1_171' title='bbox 839 3650 1111 3726; x_wconf 77' lang='lat' dir='ltr'><strong>tarum,</strong></span> <span class='ocrx_word' id='word_1_172' title='bbox 1153 3639 1693 3717; x_wconf 80' lang='lat' dir='ltr'><strong>interventione.</strong></span> <span class='ocrx_word' id='word_1_173' title='bbox 1720 3665 2005 3738; x_wconf 82' lang='lat' dir='ltr'><strong>quoque</strong></span> <span class='ocrx_word' id='word_1_174' title='bbox 2042 3645 2153 3715; x_wconf 86' lang='lat' dir='ltr'><strong>usi</strong></span> <span class='ocrx_word' id='word_1_175' title='bbox 2194 3645 2700 3736; x_wconf 82' lang='lat' dir='ltr'><strong>imperatorum</strong></span> <span class='ocrx_word' id='word_1_176' title='bbox 2727 3635 2981 3715; x_wconf 74' lang='lat' dir='ltr'><strong>Theo-</strong></span> 
     </span>
     <span class='ocr_line' id='line_1_27' title="bbox 837 3757 2983 3852; baseline 0.001 -18"><span class='ocrx_word' id='word_1_177' title='bbox 837 3761 1054 3847; x_wconf 80' lang='lat' dir='ltr'><strong>dosii,</strong></span> <span class='ocrx_word' id='word_1_178' title='bbox 1115 3757 1538 3852; x_wconf 85' lang='lat' dir='ltr'><strong>Michaelis,</strong></span> <span class='ocrx_word' id='word_1_179' title='bbox 1588 3774 1663 3839; x_wconf 70' lang='grc' dir='ltr'><strong>ει</strong></span> <span class='ocrx_word' id='word_1_180' title='bbox 1714 3760 1995 3838; x_wconf 87' lang='lat' dir='ltr'><strong>Basilii.</strong></span> <span class='ocrx_word' id='word_1_181' title='bbox 2057 3760 2445 3838; x_wconf 84' lang='lat' dir='ltr'><strong>Maximum</strong></span> <span class='ocrx_word' id='word_1_182' title='bbox 2495 3784 2671 3838; x_wconf 82' lang='lat' dir='ltr'><strong>vero</strong></span> <span class='ocrx_word' id='word_1_183' title='bbox 2712 3758 2983 3836; x_wconf 79' lang='lat' dir='ltr'><strong>Antio-</strong></span> 
     </span>
     <span class='ocr_line' id='line_1_28' title="bbox 835 3875 2981 3982; baseline 0.002 -30"><span class='ocrx_word' id='word_1_184' title='bbox 835 3881 1142 3957; x_wconf 81' lang='lat' dir='ltr'><strong>chenum</strong></span> <span class='ocrx_word' id='word_1_185' title='bbox 1170 3879 1602 3978; x_wconf 81' lang='lat' dir='ltr'><strong>Episcopum</strong></span> <span class='ocrx_word' id='word_1_186' title='bbox 1641 3885 1907 3962; x_wconf 80' lang='lat' dir='ltr'><strong>idcirco</strong></span> <span class='ocrx_word' id='word_1_187' title='bbox 1943 3882 2194 3960; x_wconf 82' lang='lat' dir='ltr'><strong>Patres</strong></span> <span class='ocrx_word' id='word_1_188' title='bbox 2218 3882 2833 3959; x_wconf 81' lang='lat' dir='ltr'><strong>Chalcedonenses</strong></span> <span class='ocrx_word' id='word_1_189' title='bbox 2866 3875 2981 3982; x_wconf 90' lang='lat'><strong>(1)</strong></span> 
     </span>
     <span class='ocr_line' id='line_1_29' title="bbox 836 4001 2981 4092; baseline 0.001 -18"><span class='ocrx_word' id='word_1_190' title='bbox 836 4001 912 4074; x_wconf 89' lang='lat' dir='ltr'><strong>in</strong></span> <span class='ocrx_word' id='word_1_191' title='bbox 979 4023 1124 4082; x_wconf 65' lang='lat' dir='ltr'><strong>sua.</strong></span> <span class='ocrx_word' id='word_1_192' title='bbox 1166 4005 1332 4076; x_wconf 77' lang='lat' dir='ltr'><strong>sede</strong></span> <span class='ocrx_word' id='word_1_193' title='bbox 1389 4005 1783 4080; x_wconf 81' lang='lat' dir='ltr'><strong>consistere</strong></span> <span class='ocrx_word' id='word_1_194' title='bbox 1862 4008 2246 4082; x_wconf 84' lang='lat' dir='ltr'><strong>voluerunt</strong></span> <span class='ocrx_word' id='word_1_195' title='bbox 2275 4055 2295 4092; x_wconf 91' lang='lat'>,</span> <span class='ocrx_word' id='word_1_196' title='bbox 2352 4005 2487 4080; x_wconf 86' lang='lat' dir='ltr'><strong>etsi</strong></span> <span class='ocrx_word' id='word_1_197' title='bbox 2538 4003 2981 4078; x_wconf 79' lang='lat' dir='ltr'><strong>latrocinalis</strong></span> 
     </span>
     <span class='ocr_line' id='line_1_30' title="bbox 835 4115 2977 4223; baseline 0.003 -30"><span class='ocrx_word' id='word_1_198' title='bbox 835 4115 1248 4215; x_wconf 75' lang='lat' dir='ltr'><strong>Ephesinse</strong></span> <span class='ocrx_word' id='word_1_199' title='bbox 1303 4125 1552 4222; x_wconf 74' lang='lat' dir='ltr'><strong>synodi</strong></span> <span class='ocrx_word' id='word_1_200' title='bbox 1632 4125 1709 4199; x_wconf 89' lang='lat' dir='ltr'><strong>in</strong></span> <span class='ocrx_word' id='word_1_201' title='bbox 1760 4149 1901 4223; x_wconf 86' lang='lat' dir='ltr'><strong>qua</strong></span> <span class='ocrx_word' id='word_1_202' title='bbox 1962 4125 2233 4207; x_wconf 82' lang='lat' dir='ltr'><strong>Domno</strong></span> <span class='ocrx_word' id='word_1_203' title='bbox 2253 4188 2262 4196; x_wconf 92' lang='lat'><strong><em>.</em></strong></span> <span class='ocrx_word' id='word_1_204' title='bbox 2286 4127 2622 4206; x_wconf 79' lang='lat' dir='ltr'><strong>suffectus</strong></span> <span class='ocrx_word' id='word_1_205' title='bbox 2674 4129 2915 4204; x_wconf 78' lang='lat' dir='ltr'><strong>fuerat</strong></span> <span class='ocrx_word' id='word_1_206' title='bbox 2952 4173 2977 4216; x_wconf 87' lang='lat'><strong>,</strong></span> 
     </span>
    </p>
   </div>
   <div class='ocr_carea' id='block_1_2' title="bbox 1001 4370 2138 4458">
    <p class='ocr_par' dir='ltr' id='par_1_3' title="bbox 1001 4370 2138 4458">
     <span class='ocr_line' id='line_1_31' title="bbox 1001 4370 2138 4458; baseline 0.005 -18"><span class='ocrx_word' id='word_1_207' title='bbox 1001 4370 1088 4458; x_wconf 84' lang='grc'><strong>(1)</strong></span> <span class='ocrx_word' id='word_1_208' title='bbox 1129 4371 1379 4444; x_wconf 85' lang='lat' dir='ltr'><strong>Concil.</strong></span> <span class='ocrx_word' id='word_1_209' title='bbox 1423 4375 1815 4448; x_wconf 77' lang='lat' dir='ltr'><strong>Chalcedon.</strong></span> <span class='ocrx_word' id='word_1_210' title='bbox 1858 4378 2015 4448; x_wconf 75' lang='lat' dir='ltr'><strong>Act.</strong></span> <span class='ocrx_word' id='word_1_211' title='bbox 2048 4377 2138 4448; x_wconf 71' lang='grc' dir='ltr'><strong>Χ.</strong></span> 
     </span>
    </p>
   </div>
   <div class='ocr_carea' id='block_1_3' title="bbox 3248 4223 3258 4849">
    <p class='ocr_par' dir='ltr' id='par_1_4' title="bbox 3248 4223 3258 4849">
     <span class='ocr_line' id='line_1_32' title="bbox 3248 4223 3258 4849; baseline 0 0"><span class='ocrx_word' id='word_1_212' title='bbox 3248 4223 3258 4849; x_wconf 95' lang='lat' dir='ltr'><strong> </strong></span> 
     </span>
    </p>
   </div>
  </div>
 </body>
</html>
