3292 5275
894 475 1049 556 338

896 619 1029 688 hoc
1082 617 1172 686 de
1222 637 1305 684 eo
1360 612 1651 703 protulit
1707 611 2230 684 testimonium:
2297 603 2478 682 Voce
2533 607 2870 681 nimirum
2921 629 3010 680 ac

896 733 1175 834 scriptis
1210 733 1287 804 in
1338 729 1581 804 media
1612 727 1882 804 saeculi
1915 743 2118 802 nocte
2152 725 2549 802 errantibus
2579 726 2772 798 viam
2805 725 3012 798 iusti-

894 857 1041 928 tiae
1090 850 1499 938 ostendisse,
1536 873 1671 950 per
1706 850 1922 950 qua‘m
1971 862 2254 949 possent
2307 846 2396 920 de
2437 857 2782 948 potestate
2816 860 3015 920 tene-

892 973 1185 1047 brucum
1234 974 1311 1044 in
1368 970 1503 1046 Det·
1556 969 1798 1054 lumen
1833 993 1920 1044 ac
1973 991 2270 1068 regnum
2307 967 2633 1042 transire.
2673 963 2847 1044 Item
2887 970 3008 1041 fel.

897 1118 1040 1168 rec.
1094 1091 1437 1166 Decessor
1519 1103 1760 1166 noster
1841 1088 2218 1182 Gregorius
2284 1085 2466 1162 XVI.
2525 1087 3014 1162 incredibilem

900 1211 1239 1309 A’lphonsi
1302 1209 1587 1284 dicendi
1651 1211 1824 1292 vim,
1891 1211 2196 1309 copiam,
2263 1209 2817 1310 varietatemque
2881 1207 3014 1282 do-

894 1333 1163 1410 caracae
1198 1335 1513 1406 maximis
1570 1333 1892 1408 laudibus
1951 1344 2455 1426 pmsequutuS‚
2499 1327 2676 1401 Eum
2717 1327 3018 1405 Sancto·

896 1478 1053 1528 rum
1104 1450 1449 1526 Caelitum
1484 1453 1685 1526 fastis
1719 1453 2134 1546 adscripsit.
2176 1447 2482 1523 Tandem
2529 1449 2786 1523 nostris
2823 1452 3014 1526 bisce

898 1573 1325 1666 temporibus
1386 1573 1662 1666 plurimi
1699 1569 2014 1646 Sanctae
2055 1567 2410 1646 Romanae
2439 1567 2802 1643 Ecclesiae
2839 1569 3018 1645 Car-

898 1695 1192 1778 dinalcs,
1234 1695 1379 1767 fere
1418 1713 1658 1766 omnes
1697 1695 1914 1765 totius
1951 1692 2142 1765 orbis
2179 1688 2558 1766 Sacrorum
2613 1685 3012 1778 Antistites,

899 1813 1221 1910 Supremi
1260 1815 1747 1906 religiosorum
1785 1809 2124 1884 Ordinum
2168 1808 2676 1894 Moderatores,
2714 1815 3016 1908 insignia

898 1933 1261 2008 Sodalium
1316 1929 1830 2024 Theologorum
1889 1953 2215 2025 corpora,
2275 1931 2578 2004 illustria
2623 1929 3024 2008 Canonico-

894 2077 1060 2129 rum
1122 2054 1441 2144 collegia,
1468 2067 1559 2126 ‘et
1594 2055 1784 2126 docti
1843 2075 1931 2125 ex
1989 2055 2174 2124 omni
2233 2063 2436 2125 coetu
2477 2048 2622 2125 Viri
2659 2056 3016 2146 supplices

898 2173 1117 2250 Nobis
1196 2196 1432 2269 preces
1490 2188 1969 2268 porrexerunt,
2027 2185 2104 2246 ut
2177 2169 2522 2246 Sanctum
2578 2170 3016 2266 Alphonsum

900 2293 1197 2370 Mariam
1254 2297 1343 2368 de
1400 2292 1684 2386 Ligurio
1747 2291 2068 2367 Doctoris
2131 2289 2480 2366 Ecclesiae
2539 2294 2744 2368 titulo
2799 2296 3019 2367 hono-

894 2416 1241 2511 ribusque
1296 2435 1702 2507 augeamus.
1761 2412 1904 2488 Nos
1961 2416 2186 2507 itaque
2244 2413 2376 2507 piis
2432 2414 2622 2486 hisce
2687 2415 3020 2507 precibus

902 2537 1383 2610 obsecundare
1418 2535 1684 2608 lubenti
1719 2535 1950 2606 animo
1977 2535 2324 2620 volenteS,
2356 2536 2848 2624 gravissimum
2887 2537 3018 2609 hoc

898 2660 1289 2750 negotium,
1328 2670 1407 2729 ut
1446 2658 1662 2729 moris
1713 2669 1854 2741 est,
1911 2653 2458 2746 congregationi
2497 2650 2646 2727 VV.
2689 2652 2826 2727 FF.
2871 2654 3016 2729 NN.

900 2776 987 2853 S.-
1019 2775 1106 2851 R.
1144 2774 1229 2851 E.
1266 2776 1738 2852 Cardinalium
1777 2775 2054 2849 tuendis
2095 2772 2452 2851 Ecclesiae
2487 2773 2772 2851 Ritibus
2817 2802 3020 2872 prae·

892 2898 1283 2991 positorum
1322 2898 1854 2991 expendendum
1893 2896 2384 2973 commisimus.
2419 2894 2560 2970 lam
2611 2920 2812 2982 vero,
2853 2922 3020 2974 cum

894 3019 1085 3095 diota
1140 3014 1287 3089 VV.
1348 3014 1489 3088 FF.
1558 3013 1705 3089 NN.
1761 3014 2232 3109 congregatio
2303 3018 2374 3089 in
2435 3014 2825 3092 Ordinariis
2881 3016 3022 3093 Co—

900 3141 1119 3213 mitiis
1172 3141 1261 3211 ad
1320 3133 1699 3211 Vaticanas
1755 3140 1962 3211 aedes
2015 3139 2130 3211 die
2185 3132 2280 3209 xl
2339 3134 2564 3211 Martii
2601 3140 2816 3213 huius
2856 3164 3024 3215 ver-

888 3262 1115 3335 ·tentis
1168 3259 1331 3331 anni
1382 3260 1676 3342 habitis,
1717 3260 1954 3331 audita
1994 3258 2330 3331 relatione
2367 3254 2802 3335 Venerabilis
2843 3260 3023 3335 Fra·-

888 3382 1035 3453 -tris
1086 3376 1320 3452 Nostri
1377 3373 1834 3453 Constantini
1887 3376 1960 3451 S.
2011 3374 2101 3449 R.
2159 3375 2246 3451 E.
2309 3376 2704 3453 Cardinalis
2759 3380 3020 3457 Patrizi

908 3501 1347 3592 nuncupati,
1402 3494 1736 3593 Episcopi
1791 3495 2064 3573 Ostien.
2141 3514 2212 3571 et
2267 3496 2656 3586 Veliterni,
2709 3504 3022 3577 eiusdem

908 3618 1483 3712 Congu-gationis
1542 3615 1926 3705 Praefecti,
1964 3616 2376 3714 Causaeque
2433 3615 2811 3711 Ponentis3
2849 3646 3023 3697 con-

912 3740 1237 3811 sideratis
1274 3738 2004 3814 animadversionibus
2041 3740 2276 3813 dilecti
2323 3738 2480 3813 Filii
2511 3728 2702 3814 Petri
2740 3740 3022 3818 Minetti

886 3854 1345 3951 Presbyteri,
1400 3855 1596 3931 Fidei
1655 3856 2118 3947 Promotoris3
2173 3862 2340 3933 item
2396 3857 2682 3935 Patroni
2747 3862 3023 3939 Causae

910 3979 1297 4071 responsis,
1358 3998 1491 4053 nec
1544 4000 1690 4053 non
1757 3976 2268 4073 Theologorurn
2335 4003 2460 4075 pro
2521 3983 2818 4059 veritate
2874 4008 3028 4059 sen-

910 4100 1188 4183 tentiis,
1231 4100 1555 4173 omnihus
1590 4102 1894 4195 denique
1949 4103 2297 4175 rationum
2351 4106 2725 4177 momentis
2777 4108 3027 4181 sedulo

912 4228 1313 4313 attenteque
1346 4224 1737 4314 perpensis,
1771 4224 2090 4295 unanimi
2121 4246 2468 4297 consensu
2504 4224 3024 4301 rescribendum

906 4338 1297 4419 censuerit:
1338 4336 1858 4417 Gaudendum
1899 4338 2350 4421 Sanctissimo
2381 4368 2520 4447 pro
2549 4348 3022 4441 concessione,
