3292 5275
2281 478 2421 563 171

316 618 642 692 storalem
697 630 1098 712 paraverat,
1137 640 1436 715 eamque
1473 622 2026 715 manuscriptam
2062 622 2259 714 prius
2288 618 2431 697 Ca-

312 739 540 832 pitulo
591 738 801 826 misit,
841 752 1082 832 postea
1121 736 1416 813 vicariis
1469 738 1805 813 For-aneis
1865 744 2293 836 patefecerat
2347 745 2433 816 ad

311 860 718 935 evitandum
774 862 1104 944 schisma,
1158 860 1346 955 quod
1401 872 1594 935 certe
1652 864 2044 937 timendum
2111 865 2317 949 foret,
2376 864 2433 937 si

313 980 708 1057 nominatus
765 984 849 1053 ad
887 992 1262 1056 vacantem
1300 977 1987 1077 Archiepiscopalem
2018 980 2431 1069 Ecclesiam,

314 1098 466 1172 eius
523 1104 940 1194 gubernium
997 1104 1083 1175 ad
1139 1103 1817 1177 administrationem
1874 1116 2283 1189 assumeret,
2309 1126 2437 1177 an·-

313 1231 594 1314 tequam
629 1244 668 1294 a
696 1218 1010 1295 Romano
1037 1219 1376 1297 Pontifice
1431 1223 1506 1293 in
1533 1217 1971 1297 Consistorio
2026 1223 2224 1298 fleret
2260 1246 2437 1318 pro·-

316 1342 530 1429 visio‚
559 1355 630 1415 et
665 1340 996 1436 provisus
1027 1339 1460 1436 Apostolieas
1487 1338 1733 1417 Bullas
1769 1344 2139 1431 obtineret,
2174 1367 2434 1441 easque

317 1458 642 1555 Capitulo
679 1464 1076 1537 authentica
1115 1462 1342 1537 forma
1391 1476 1719 1537 exaratas
1778 1456 2166 1539 exhiberet.
2226 1464 2438 1540 Cum-

317 1606 456 1678 que
494 1580 818 1658 Vicarius
857 1586 1171 1659 eamdem
1199 1582 1633 1658 Pastoralem
1676 1586 1865 1678 typis
1906 1586 2237 1659 mandare
2275 1610 2440 1661 coe-

315 1706 558 1797 pissess
587 1699 888 1777 Ministri
921 1708 1112 1778 iilam
1139 1703 1579 1780 Gubernium
1623 1709 1965 1779 adversus
2017 1708 2435 1797 iudicanteS‚

315 1826 632 1917 evulgari
689 1828 1136 1919 prohibuere,
1179 1850 1350 1920 opus
1407 1830 1759 1920 inceptum
1816 1828 2053 1923 perfici
2110 1830 2438 1922 impedie-

317 1958 514 2033 runt,
565 1948 856 2041 eiusque
907 1962 1266 2022 auctorem
1323 1947 1395 2031 in
1451 1944 1816 2031 iuridicum
1844 1945 2175 2033 Senatum
2228 1951 2439 2023 detu-

317 2069 584 2155 lerunt,
609 2079 694 2145 ut
732 2088 1135 2161 processum
1172 2070 1242 2139 in
1281 2068 1600 2141 eumdem
1637 2064 1989 2142 vicarium
2030 2072 2435 2156 instrueret,

319 2208 406 2260 ac
457 2190 877 2263 sententiam
932 2191 1170 2261 ferret.

534 2305 719 2384 Dum
773 2312 946 2383 haec
1002 2309 1380 2404 agebantur
1411 2357 1432 2394 ,
1497 2306 1675 2383 Can.
1737 2305 2063 2383 Llorente
2117 2309 2189 2382 in
2244 2306 2440 2383 insu-

323 2437 546 2507 sulam
572 2428 814 2507 Cubae
869 2433 1112 2519 rediit,
1143 2442 1217 2503 et
1271 2434 1450 2505 alter
1505 2454 1595 2503 ex
1623 2426 1961 2504 Ministris
1996 2432 2261 2523 regiam
2295 2429 2441 2504 Ce-

323 2556 560 2628 dulam
617 2556 704 2625 ad
756 2550 1160 2645 Capitulum
1215 2553 1407 2625 misit
1461 2552 1807 2624 instanter
1862 2560 2133 2645 petens,
2192 2565 2275 2627 ut
2328 2576 2443 2630 re-

325 2679 558 2768 gimen
615 2671 978 2748 Dioecesis
1033 2676 1440 2758 advocaret,
1483 2695 1560 2746 ac
1617 2674 1692 2745 in
1749 2673 2071 2746 eumdem
2118 2671 2441 2748 Llorente

325 2799 764 2881 transferret,
819 2797 1042 2868 donec
1097 2793 1380 2866 interim
1436 2796 1588 2866 eius
1656 2792 1891 2866 favore
1946 2794 2443 2887 expedirentur

320 2913 572 2992 Bullae
627 2911 1091 3010 Apostolicae.
1123 2910 1218 2988 At
1250 2911 1596 2988 Canoniei
1658 2915 1745 2986 ad
1800 2935 2021 2989 unum
2073 2929 2311 2989 omncs
2367 2919 2443 2989 in

321 3033 646 3110 Comitiis
717 3039 980 3110 coactis
1053 3038 1170 3121 die
1230 3027 1310 3108 11
1379 3031 1707 3108 Octobris
1766 3027 1971 3108 1872
2028 3057 2445 3130 responsum

323 3157 704 3241 dederunt,
739 3155 868 3230 sibi
899 3159 1188 3230 omnino
1217 3155 1650 3249 impossibile
1676 3176 1835 3230 esse
1876 3155 2251 3229 adhaerere
2287 3157 2451 3230 huic

323 3283 652 3376 petitioni
713 3292 1076 3374 propterea
1135 3279 1322 3372 quod
1361 3299 1484 3350 suo
1525 3289 1839 3369 tempore
1880 3276 1952 3347 in
1990 3277 2295 3352 electum
2328 3273 2449 3348 Vi-

323 3407 590 3478 carium
627 3399 1105 3496 Capitularcm
1163 3401 1312 3472 iura
1369 3400 1604 3472 omnia
1664 3398 1987 3470 translata
2036 3397 2321 3472 fuerunt
2358 3399 2447 3469 ad

323 3528 644 3598 tramites
697 3543 1056 3597 sacrorum
1113 3541 1490 3594 canonum.
1513 3517 1731 3592 Petiit
1788 3522 2077 3611 insuper
2114 3517 2294 3590 icem
2334 3540 2447 3590 re-

322 3648 478 3742 gius
531 3641 876 3729 Minister,
919 3657 1001 3717 ut
1054 3638 1380 3716 Vicat-ius
1435 3638 1865 3735 capitularis
1918 3663 2131 3732 supra
2188 3659 2451 3711 memo-

319 3780 552 3840 ratam
589 3762 1012 3838 Pastoralem
1071 3765 1156 3834 ad
1193 3759 1596 3857 Capitulum
1652 3761 1963 3847 missam,
2022 3773 2097 3832 et
2148 3760 2452 3852 encycli-

319 3911 452 3963 cas
489 3884 764 3960 Literas
819 3887 908 3958 ad
943 3879 1258 3958 Vicarios
1294 3879 1644 3956 Foraneos
1704 3883 1893 3953 datas
1952 3881 2035 3952 ad
2092 3903 2167 3954 se
2222 3881 2452 3954 advo·-

319 4021 554 4094 caret,
611 4019 686 4080 et
740 4003 1094 4079 Gubernio
1147 4003 1334 4077 civili
1389 4004 1731 4087 traderet,
1788 4003 1902 4074 cui
1960 4000 2278 4094 petitioni
2320 3995 2451 4072 Vi-

319 4132 566 4206 carius
619 4125 1054 4222 Capitularis
1091 4122 1384 4198 Litteris
1425 4123 1562 4196 diei
1599 4116 1649 4195 8
1686 4119 2088 4195 Decembris
2132 4113 2337 4195 1872
2373 4122 2459 4194 li-

319 4255 574 4325 benter
613 4250 892 4334 annuit,
935 4249 1246 4342 gaudens
1283 4247 1518 4340 potius
1557 4244 1803 4317 eadem
1840 4245 2260 4316 documenta
2297 4261 2453 4316 esse

327 4371 460 4446 sub
489 4383 832 4466 potestate
855 4367 1220 4444 Gubernii.
1255 4363 1384 4444 Die
1416 4375 1659 4443 autem
1685 4357 1733 4438 8
1768 4361 2061 4437 Ianuarii
2090 4363 2297 4438 huius
2336 4383 2457 4436 an·
