3292 5275
881 472 1033 564 148

872 624 1125 697 stolica
1176 624 1605 696 auctoritate
1661 634 2000 717 perpetuo
2083 624 2352 717 pariter
2413 624 2868 699 concedimus
2917 634 2998 697 et

870 740 1335 837 indulgemus.
2395 838 2400 841 Ι

1084 856 1474 957 Eidemque
1527 858 1900 957 Capitulo,
1959 864 2082 937 ubi
2137 862 2350 939 fuerit
2421 864 2630 938 sicuti
2693 864 2998 959 desuper

872 978 1374 1065 constitutum,
1429 980 1513 1056 ex
1568 1002 1758 1056 nunc
1813 986 2104 1059 venium
2157 995 2230 1057 ct
2283 984 2691 1059 facultatem
2741 984 2998 1059 'tribui-

870 1118 1030 1177 mus
1082 1116 1159 1175 et
1208 1104 1650 1197 impertimur
1713 1102 2135 1179 conficiendi
2191 1103 2322 1177 sibi
2377 1104 2794 1198 capitularia
2849 1116 2996 1180 sta·-

874 1236 1057 1313 tnta‚
1112 1224 1629 1311 ordinationes»,
1687 1238 1761 1298 et
1811 1226 2121 1305 decreta,
2155 1226 2378 1297 sacris
2431 1245 2641 1317 porro
2693 1226 2996 1299 cmonia-
3121 1316 3130 1321 ‚

870 1344 1031 1430 bus,
1084 1336 1521 1437 Apostolicis
1576 1338 2203 1419 constitutionibus
2253 1356 2327 1417 et
2377 1344 2738 1419 tridentini
2793 1360 2996 1439 prac-

870 1464 1114 1538 sertim
1166 1464 1440 1539 concilii
1484 1464 1964 1560 praescriptis,
2003 1464 2292 1538 minime
2344 1466 2823 1551 adversantia,
2865 1468 2990 1540 scd

869 1604 1159 1679 prorsus
1238 1584 1772 1673 consentanea3
1853 1606 2042 1680 quac
2093 1580 2552 1659 Victoriensis
2631 1581 2990 1661 Praesulis

869 1706 1131 1779 iudicio
1186 1704 1546 1781 subdenda
1600 1708 1745 1780 sint
1772 1756 1795 1794 ,
1850 1720 1926 1780 et
1981 1706 2263 1780 nonnisi
2319 1708 2478 1800 pos't
2530 1708 2682 1780 eins
2735 1722 2992 1801 appro-

866 1824 1223 1900 bationem
1278 1828 1676 1901 roboratam
1729 1828 1878 1901 vim
1941 1828 2116 1920 legis
2172 1828 2563 1901 obtineant.

1079 1941 1173 2018 Ut
1226 1966 1471 2021 omnes
1524 1968 1700 2021 vero
1751 1958 1821 2019 ct
1855 1944 2170 2040 singulae
2205 1943 2722 2021 canonicorum
2779 1970 2990 2042 prae-

868 2066 1177 2156 bendae,
1215 2084 1345 2141 nec
1380 2084 1527 2142 non
1564 2088 1647 2141 ea
1685 2087 1814 2141 sex
1847 2064 2392 2161 Capelianorum
2443 2066 2782 2143 beneficia
2817 2077 2992 2145 con-

872 2186 1201 2263 ferantur
1238 2192 1439 2263 iuxta
1494 2191 1874 2264 canonicas
1913 2190 2134 2281 leges,
2171 2184 2614 2283 Apostolicas
2645 2194 2992 2265 constitu·-

876 2308 1105 2382 tiones
1160 2320 1234 2381 et
1286 2300 1573 2383 concilii
1651 2310 2030 2405 praecipue
2085 2309 2460 2385 tridentini
2527 2312 2991 2408 praescripta,

872 2429 1299 2504 mandamus
1346 2441 1557 2525 atque
1607 2430 1934 2507 iubemus
1979 2450 2343 2524 expresse,
2379 2442 2462 2504 ut
2503 2452 2993 2529 quaecumque

868 2547 945 2623 in
1002 2560 1152 2624 tota
1199 2546 1525 2623 Dioeoesi
1581 2550 2058 2643 praebendae,
2111 2550 2366 2645 quibus
2420 2551 2804 2626 animarum
2859 2574 2990 2628 (ιιι-ι

868 2692 949 2744 ra
1002 2670 1369 2756 incumbit,
1425 2672 1643 2744 etiam
1696 2649 1886 2758 illae,
1928 2693 2108 2766 quae
2154 2667 2604 2762 Theologalis
2657 2693 2784 2746 seu
2841 2669 2992 2748 Do-

868 2793 1155 2866 ctorelis
1210 2804 1285 2866 et
1346 2794 1597 2878 altera,
1634 2803 1820 2886 quae
1857 2788 2390 2865 Poenitcntialie
2441 2813 2566 2865 seu
2621 2787 2993 2887 Magistra-⁶

866 2911 951 2985 lis
1006 2910 1367 2998 dicuntur,
1425 2913 1708 2987 nonnisi
1753 2933 1878 3006 per
1923 2933 2354 2988 concursum
2387 2913 2670 2986 omnino
2727 2913 2820 2988 ad
2867 2937 2992 2990 sa-

866 3054 1147 3106 crarum
1182 3035 1776 3108 constitutionum
1813 3033 1889 3106 e't
1925 3033 2340 3127 praesertim
2373 3035 2493 3106 iel.
2525 3055 2672 3108 rec.
2713 3030 2990 3126 Grego-

868 3156 953 3227 rii
1008 3150 1155 3228 PP.
1212 3151 1374 3226 xm
1434 3151 2003 3228 praedecessoris
2031 3151 2272 3230 Nostri
2291 3193 2329 3210 -
2348 3151 2732 3229 Pastor-alis
2769 3155 2988 3233 officii

862 3307 907 3328 -
960 3275 1367 3368 incipientis
1389 3323 1412 3364 ,
1468 3274 1710 3369 quoad
1765 3270 2400 3349 Poenitentiariam
2479 3289 2551 3349 et
2603 3272 2990 3370 Theologu-

866 3400 1009 3470 lem
1062 3396 1483 3489 praedictas,
1538 3414 1864 3470 normam
1943 3395 2246 3468 obtineri
2309 3408 2600 3490 queant.

1076 3512 1299 3591 Porro
1354 3527 1595 3590 autem
1649 3517 1742 3588 ad
1816 3533 2076 3590 novam
2127 3512 2466 3591 Civitatis
2519 3511 2986 3594 victoniensis

862 3653 987 3714 scu
1044 3633 1535 3730 Tamaulipani
1590 3637 2040 3728 nuncupandi
2095 3631 2562 3730 Episcopatus
2613 3638 2986 3712 fundatio-

862 3763 1163 3846 tionem,
1220 3769 1709 3852 poster-amque
1749 3757 2306 3832 incolumitatem
2342 3769 2418 3830 ct
2467 3759 2984 3832 incrementum

866 3882 1387 3975 praecipimus,
1442 3889 1523 3950 ut
1576 3899 1701 3973 pro
1755 3873 2084 3974 Episcopi
2141 3878 2524 3952 residentia
2553 3925 2576 3965 ,
2647 3899 2782 3952 nec
2833 3899 2984 3954 non

862 4003 1091 4087 curia,
1146 4017 1271 4074 seu
1324 3999 1738 4074 cancellaria
1793 3999 2178 4093 episcopali
2237 3999 2424 4074 illico
2479 3999 2924 4096 comparatae
2957 4049 2984 4086 ‚

864 4131 1395 4216 opportunaque
1450 4119 1870 4212 supellectili
1929 4119 2262 4194 decenter
2298 4117 2714 4206 instructae,
2773 4121 2988 4195 adiue-

864 4244 1142 4324 dicatae
1178 4241 1321 4315 sint
1356 4235 1639 4316 Mensae
1679 4236 2084 4339 Episcopali
2141 4253 2246 4318 tot
2300 4243 2532 4330 aedes,
2569 4239 2978 4318 Catbedrnli
