3292 5275
472 612 621 689 Non
676 614 1119 689 obstantibus
1190 600 1536 710 quatenus
1590 636 1768 708 opus
1823 614 1912 687 sit
1965 609 2238 700 Nostra,
2297 628 2371 689 et

261 730 735 809 Cancellariae
787 732 1227 829 Apostolicae
1282 739 1523 827 regula
1562 736 1650 809 de
1689 734 1838 810 iure
1867 735 2190 829 quaesito
2227 755 2370 809 non

262 858 603 945 tollendo,
662 852 1027 933 Benedicti
1075 851 1235 929 XIV
1298 852 1870 933 Praedecessoris
1931 852 2180 931 Nostri·
2227 878 2368 930 rec.

260 999 476 1051 mem.
510 998 715 1073 super
734 978 1083 1051 divisione
1113 980 1598 1064 materiarum,
1632 978 1928 1070 aliisque
1951 972 2370 1069 Apostolicis

259 1121 341 1172 ac
378 1098 453 1172 in
492 1094 1009 1173 Universalibus
1044 1095 1748 1192 Provincialibusque
1783 1108 1858 1171 et
1897 1094 2370 1191 Synodalibus

260 1216 593 1293 Conciliis
645 1220 855 1293 editis
938 1218 1371 1310 generalibus
1426 1220 1541 1293 vel
1608 1219 2036 1311 specialibus
2091 1214 2374 1291 Consti-

263 1338 655 1415 tutionibus
708 1352 779 1411 et
832 1334 1427 1426 ordinationibus,
1460 1361 1591 1413 nec
1645 1362 1789 1413 non
1843 1340 2016 1413 dicti
2049 1334 2373 1413 vicaria-

266 1474 371 1533 tus
429 1456 1071 1552 Luxemburgensis
1126 1461 1335 1536 etiam
1361 1456 1811 1546 ‘iurumc'ntm
1842 1458 2372 1532 confirmatione

263 1578 693 1673 Apostolica‚
734 1581 853 1653 vel
890 1581 1140 1675 quavis
1192 1580 1523 1653 firmitate
1584 1582 1720 1653 alia
1777 1580 2120 1652 roboratis
2158 1590 2376 1653 statu·

266 1703 349 1773 tis
388 1711 463 1775 et
498 1700 1152 1787 consuetudinibus,
1208 1702 1601 1795 ceterisque
1659 1701 2028 1773 contrariis
2081 1700 2374 1795 quibus·-

263 1842 591 1915 cnmque.
650 1817 827 1894 Item
884 1822 1211 1897 volumus
1266 1832 1347 1894 ut
1402 1818 1878 1914 praesentium
1950 1816 2374 1893 Litterarum

264 1944 727 2035 transumptis
782 1943 931 2014 sive
1012 1940 1355 2035 exemplis
1416 1942 1631 2014 ctiam
1717 1940 2099 2033 impressu„
2155 1924 2394 2029 maim*

262 2060 557 2136 alicuius
585 2056 853 2134 Notarii
893 2060 1157 2173 publici
1198 2060 1636 2153 subscriptis,
1664 2071 1734 2133 et
1773 2062 1997 2151 sigillo
2035 2064 2373 2158 personae

262 2184 333 2254 in
380 2183 851 2255 ecclesiastica
906 2166 1245 2275 dignitate
1300 2174 1726 2254 constitutae
1779 2182 2074 2258 munitis
2131 2167 2395 2270 eadem‘

264 2324 554 2397 prorsus
610 2302 781 2375 fides
809 2300 1245 2387 adhibeatur,
1274 2324 1455 2397 quae
1494 2295 1996 2378 adhiberetur
1976 2304 2146 2397 ipsis
2159 2275 2374 2437 p'rac-

264 2422 609 2509 sentibus,
667 2422 725 2493 si
780 2406 1005 2495 forent
1059 2419 1443 2495 exhibitae
1460 2414 1576 2495 vei
1632 2424 1970 2497 ostensae.
2378 2512 2389 2520 .

476 2538 734 2614 Datum
816 2531 1103 2615 Romae
1166 2543 1348 2636 apud
1402 2535 1477 2627 S.
1536 2536 1830 2616 Petrum
1912 2541 2046 2617 sub
2109 2489 2373 2639 annulo

262 2661 645 2738 Piscatoris
700 2662 806 2736 die
835 2646 1094 2735 xxvii
1130 2645 1561 2758 Septembris
1618 2637 2148 2740 MDCCGLXX.
2185 2658 2401 2740 P'on-'

266 2783 572 2859 tiflcatus
626 2777 862 2857 Nostri
917 2777 1124 2857 Anno
1180 2779 1803 2880 vigesimoquinto.
2391 2791 2396 2798 ’

1058 3019 1147 3099 N.
1208 3019 1425 3100 Cannu.
1484 3005 1882 3110 Pseichis-m
1939 3004 2282 3106 omnim·
2369 3013 2404 3112 ,’

1809 4479 1948 4566 16*
