3292 5275
2262 450 2416 543 211

305 610 344 659 ι
405 588 518 661 t‘ra
567 596 836 661 cet-trun
917 588 1196 663 radium
1275 602 1408 665 seu
1487 586 1833 663 circulum
1893 588 2419 672 consistentium

305 733 340 777 n
401 729 542 807 qne
593 708 870 805 formeri
923 682 1076 783 coto
1133 705 1478 793 redundo,
1519 711 1642 784 ubi
1696 704 1981 802 Magnus
2039 713 2425 802 praedicta·-

305 852 342 897 »
402 850 558 901 rum
595 824 1006 901 Militismm
1043 824 1382 919 Magister
1417 830 1969 904 ecclesiasticam
2007 828 2427 907 iurisdictio-
2452 864 2475 875 -

305 975 342 1021 n
405 970 566 1021 nem
617 969 956 1021 exercere
1015 962 1262 1040 pergat
1315 950 1402 1021 ad
1449 950 1919 1028 omnimodam
1958 971 2199 1023 eorum
2255 973 2429 1025 nor-

304 1092 340 1141 i>
405 1090 592 1141 mam
625 1116 644 1153 ‚
703 1090 886 1163 quac
949 1071 1022 1143 in
1075 1066 1466 1143 Pontificiis
1529 1070 2157 1144 constitutionibus
2220 1093 2427 1165 prae-

303 1211 340 1259 n
399 1192 836 1265 scribuntur.
902 1214 936 1261 n

511 1307 698 1383 Dum
758 1324 989 1383 autem
1053 1312 1546 1403 opportunitas
1615 1313 1717 1379 rei
1772 1308 2237 1401 perficiendae
2300 1335 2428 1387 ex·-

297 1432 710 1525 pectebatur
747 1428 1246 1524 Hispaniarum
1283 1428 1763 1515 exuberatum,
1806 1452 1935 1523 pro
1981 1454 2110 1505 suo
2164 1434 2426 1519 lubitu,

295 1554 688 1645 suppressit
744 1551 1140 1643 praedictos
1193 1566 1498 1644 quatuor
1538 1549 1887 1639 Ordines„
1911 1565 1985 1623 et
2028 1558 2427 1629 necessario

298 1686 672 1766 propterea
727 1694 884 1745 cum
943 1674 1118 1765 ipsis
1177 1674 1534 1764 peculiare
1591 1672 1765 1743 illud
1822 1674 2129 1747 tribunal
2163 1724 2185 1759 ,
2240 1678 2425 1771 quod

293 1794 370 1864 in
425 1814 664 1865 eorum
723 1793 1096 1865 territoriis
1143 1794 1823 1867 administrationem
1877 1795 2425 1870 ecclesiasticam

295 1916 726 2002 exercebat3
795 1927 1006 2011 atque
1074 1918 1172 1989 ita
1237 1918 1403 1987 dum
1467 1940 1507 1989 c
1573 1916 1807 1991 medio
1873 1920 2079 2012 plane
2142 1920 2425 1992 sustulit

291 2037 708 2109 memoriam
791 2038 1086 2110 alterius
1149 2058 1186 2107 e
1256 2039 1841 2129 praeclarissimis
1920 2036 2423 2133 Hispaniarum

293 2158 906 2241 institutionibus,
967 2168 1073 2230 tot
1130 2159 1492 2231 territoria
1555 2163 1743 2233 omni
1826 2184 2115 2254 prorsus
2189 2163 2423 2235 eccle-

289 2280 566 2353 siastico
625 2276 956 2369 regimine
1017 2280 1362 2370 privavit,
1403 2275 1689 2373 Nosque
1746 2285 1975 2376 coegit
2030 2282 2117 2355 ad
2176 2304 2423 2357 consu-

291 2382 580 2473 lendum
627 2400 814 2471 illico
873 2410 980 2469 tot
1035 2398 1360 2471 fidelibus
1401 2422 1485 2473 eo
1523 2400 1910 2475 destitutis,
1970 2398 2147 2475 Cum
2187 2413 2421 2475 autem

289 2542 412 2614 per
478 2520 882 2593 huiusmodi
951 2514 1362 2609 Militarium
1431 2514 1781 2595 Ordinum
1864 2520 2421 2614 suppressionem

287 2643 643 2736 quaelibet
697 2641 865 2714 novi
925 2641 1266 2712 territorii
1335 2641 1581 2712 iisdem
1641 2639 2025 2720 Ordinibus
2078 2642 2422 2716 addicen-

291 2763 358 2833 di
413 2760 834 2836 constitutio
873 2761 1152 2832 interim
1199 2764 1494 2834 exclusa
1531 2762 1793 2850 fuerit3
1850 2784 1995 2836 non
2052 2762 2232 2834 aliud
2272 2759 2422 2836 No-

290 2884 394 2956 bis
450 2885 538 2956 de
593 2885 983 2956 animarum
1039 2883 1266 2953 salute
1321 2881 1645 2956 sollicitis
1704 2881 2025 2954 relictum
2086 2896 2219 2966 est,
2284 2883 2420 2956 nisi

291 3017 414 3090 ut,
467 3003 656 3076 iuxta
711 3014 921 3094 pacta
975 3014 1376 3087 conventa,
1438 3004 1779 3094 peculiari
1834 3003 2151 3092 qualibet
2203 3005 2423 3074 eccle-

291 3127 570 3200 siastica
631 3124 1122 3198 iurisdictione
1179 3145 1600 3216 suppressa,
1664 3125 2009 3196 territoria
2068 3122 2419 3214 praedicta

290 3251 658 3338 iungamus
720 3244 1056 3338 proximis
1111 3245 1546 3317 dioecesibus
1579 3297 1604 3334 ‚
1660 3245 1941 3337 ipsaque
2018 3243 2417 3317 earumdem

291 3365 794 3460 Episcoporum
850 3363 1312 3436 iurisdictioni
1381 3365 1871 3439 subiiciamuS.

501 3485 743 3580 ltaque
801 3509 958 3560 cum
1017 3486 1178 3557 mali
1237 3489 1551 3577 gravitas
1591 3486 1991 3560 huiusmodi
2033 3488 2417 3560 remedium

289 3609 560 3684 differri
599 3629 739 3682 non
793 3609 1006 3691 sinat,
1046 3603 1216 3689 NoS,
1253 3607 1598 3698 exquisito
1652 3621 1851 3680 antea
1892 3602 2037 3680 VV.
2079 3603 2217 3680 FF.
2261 3604 2409 3680 NN.

287 3727 361 3804 S.
415 3727 507 3802 R.
565 3725 650 3802 Ε.
717 3723 1198 3803 Cardinalium
1257 3739 1330 3798 et
1395 3729 1891 3802 nonnullorum
1954 3727 2161 3799 etiam
2228 3724 2415 3800 Dile-

281 3861 564 3926 ctorum
630 3845 969 3923 Filiorum
1025 3845 1382 3920 Romanae
1440 3845 1703 3922 Curiae
1768 3845 2185 3922 Antistitum
2246 3871 2417 3923 con-

287 3972 474 4054 silio,
543 3983 736 4044 motu
803 3970 1114 4062 proprio,
1179 3982 1367 4042 certa
1433 3968 1753 4056 scientia,
1811 3970 2033 4062 deque
2101 3967 2417 4062 Aposto-

284 4093 464 4164 licac
539 4086 834 4164 Nostrae
901 4090 1268 4182 potestatis
1345 4088 1783 4182 plenitudine
1856 4083 2409 4162 Conventionem

283 4211 734 4304 exequuturi,
771 4211 962 4282 hisce
1019 4205 1312 4282 Litteris
1349 4209 1795 4284 decernimus
1842 4210 2409 4304 suppressionem

283 4343 358 4406 et
419 4329 868 4404 abolitionem
939 4329 1469 4404 ecclesiasticae
1543 4331 2055 4406 iurisdictionis
2123 4331 2411 4408 territo-

1837 4452 1981 4536 14*
