3292 5275
2244 481 2403 570 275

291 620 700 697 decorarent
752 623 1108 716 trophaeis
1161 645 1242 697 ac
1279 637 1627 719 perpetuo
1687 631 2049 700 tuerentur
2100 631 2402 722 patroci-

289 744 428 815 nio.
498 739 1018 818 Pientissimum
1083 745 1210 816 hoc
1276 747 1550 820 divinae
1623 749 1961 820 bonitatis
2033 750 2399 826 consilinm

291 874 440 935 tum
499 865 801 936 maxime
859 866 1194 952 innotuit,
1249 888 1412 940 cum
1487 868 1751 942 obortis
1808 856 1875 940 in
1928 866 2403 944 Christianum

287 988 620 1078 populum
657 987 1196 1082 universamque
1261 985 1697 1064 Catholicam
1748 989 2139 1064 Ecclesiam
2194 995 2407 1068 vehe-

285 1107 726 1182 mentissimis
761 1111 1316 1201 tempestatibu3‚
1352 1115 1564 1204 plura
1601 1109 2027 1186 Sanctorum
2064 1111 2400 1207 Corpora,
2483 1205 2489 1212 .

286 1249 468 1322 quac
523 1229 640 1300 diu
695 1231 1076 1314 latuerant,
1116 1232 1184 1302 in
1238 1232 1466 1306 lucem
1525 1235 1755 1308 denuo
1795 1235 2143 1326 prodiere,
2185 1247 2266 1309 ut
2318 1257 2405 1310 eo
2488 1267 2495 1275 ·

287 1349 618 1442 adspectu
675 1353 756 1424 ad
813 1375 942 1426 sua
995 1355 1323 1426 sectanda
1394 1355 1693 1446 vestigia
1746 1377 2092 1451 opemque
2144 1357 2407 1456 ‚implo-

291 1471 571 1546 randam
626 1474 938 1546 deiectos
1008 1473 1354 1570 erigerent
1419 1478 1717 1560 animoS,
1790 1498 1869 1550 ac
1924 1478 2237 1569 proxime
2292 1499 2409 1550 se-

288 1603 613 1668 cuturum
667 1595 752 1667 de
815 1596 1106 1670 humani
1189 1595 1462 1686 generis
1541 1598 1743 1670 hoste
1820 1601 2405 1690 praenuntiarent

289 1717 734 1812 triumphum.
777 1717 856 1791 ld
910 1722 1304 1813 praeteritis
1365 1725 1689 1795 evenisse
1744 1723 2205 1816 temporibus,
2249 1736 2406 1798 acta

288 1841 722 1916 inventionis
816 1837 1211 1936 Corporum
1294 1845 1757 1935 plurimorum
1842 1839 2249 1917 Sanctorum
2330 1845 2404 1933 in

285 1962 566 2040 Christo
603 1967 1121 2060 quiescentium
1189 1967 1562 2040 evidenter
1617 1967 2047 2056 ostendunt;
2098 1969 2401 2063 idipsum

285 2098 516 2160 aetate
569 2089 700 2160 hac
753 2099 1026 2174 nostra,
1079 2109 1222 2183 qua
1273 2088 1671 2160 abundante
1736 2089 2022 2174 delicto,
2080 2089 2393 2183 refriguit

285 2207 592 2281 ebaritas
670 2211 1056 2283 multorum
1084 2260 1112 2298 ,
1193 2211 1486 2305 repertis
1560 2212 2017 2282 sacrosanctis
2089 2207 2391 2286 Exuviis

287 2327 643 2402 Ambrosii
706 2324 1254 2412 ¹Mediolanensis
1335 2325 1659 2424 Episcopi
1712 2342 1787 2402 et
1836 2327 2199 2405 Ecclesiae
2253 2327 2406 2406 Do-

285 2449 522 2535 ctoris,
580 2471 814 2545 neque
868 2473 1006 2523 non
1060 2447 1436 2522 Beatorum
1490 2447 1879 2544 Martyrum
1932 2447 2265 2528 Gervasii
2334 2462 2409 2527 et

284 2565 620 2658 Protasii,
675 2574 990 2647 futurum
1043 2591 1210 2645 sane
1265 2571 1711 2647 confidimus.

495 2690 536 2785 S
589 2686 669 2765 2.
729 2690 827 2766 Et
877 2695 953 2769 hi
1011 2694 1296 2787 quidem
1375 2693 1625 2767 invicti
1679 2690 1879 2767 Fidei
1931 2688 2213 2785 Pugiles
2266 2695 2399 2769 suh

281 2806 558 2885 Nerone
621 2813 696 2887 in
749 2816 976 2908 prima
1047 2812 1507 2891 Ethnicorum
1562 2816 1900 2888 adversus
1962 2811 2399 2889 Christianos

285 2936 770 3026 persecutione
803 2982 824 3021 ‚
880 2939 1036 3009 fuso
1111 2940 1418 3029 glorioso
1481 2958 1614 3031 pro
1690 2932 1967 3009 Christo
2042 2937 2405 3029 sanguine,

283 3057 596 3148 martyrii
652 3060 954 3148 palmam
1007 3058 1242 3151 adepti
1295 3070 1516 3145 sunt3
1574 3078 1869 3151 quorum
1921 3056 2179 3129 deinde
2234 3050 2408 3127 Cor-

285 3198 458 3269 pora
541 3195 703 3252 cum
785 3181 908 3255 diu
963 3181 1040 3250 in
1089 3176 1398 3251 Basilica
1451 3172 1580 3249 SS.
1637 3174 1891 3251 Felicis
1958 3198 2045 3249 ac
2099 3172 2405 3249 Naboris

283 3292 667 3371 Mediolani
749 3299 1191 3373 delituissent
1217 3304 1260 3383 ‚'
1325 3322 1366 3371 a
1445 3296 1709 3372 Sancto
1790 3294 2161 3371 Ambrosio
2188 3343 2211 3381 ,
2268 3292 2405 3369 Dei

283 3418 650 3492 admonitu
683 3469 706 3504 ,
767 3434 1086 3515 reperta,
1145 3421 1220 3492 in
1251 3416 1638 3493 =Basilicam
1695 3420 1781 3491 ab
1836 3412 1944 3491 Eo
1998 3429 2403 3492 extructam

284 3543 634 3614 translata
675 3544 898 3626 fuere,
927 3544 1169 3636 ibique
1197 3541 1578 3615 honorifice
1618 3544 1914 3634 sepulta.
1950 3536 2131 3615 Cum
2162 3548 2405 3613 autem

283 3686 471 3739 anno
499 3660 764 3739 Christi
801 3662 1430 3740 CCCLXXXXVII
1471 3666 1618 3761 ipse
1645 3663 2063 3739 Ambrosius
2100 3665 2405 3736 mortale

282 3786 420 3859 hoe
473 3788 772 3862 exilium
813 3802 976 3861 cum
1023 3799 1360 3882 perpetua
1407 3790 1821 3861 aeternitate
1874 3794 2403 3869 commutasset,

279 3908 378 3981 ad
433 3920 840 3997 sanctorum
887 3910 1289 3995 ,eorundem
1324 3904 1635 4001 Corpora
1674 3907 1741 3977 in
1778 3908 2141 3999 hypogaeo
2196 3926 2407 3998 prae-

277 4030 472 4101 fatae
514 4025 880 4113 Basilicae,
921 4030 1154 4121 prouti
1195 4030 1277 4102 de
1317 4050 1394 4101 se
1432 4029 1685 4101 vivens
1722 4028 2195 4120 disposuerat,
2232 4044 2405 4097 con-

281 4148 474 4223 ditus
529 4161 662 4223 est.
727 4145 874 4222 Hoc
927 4171 1100 4223 vero
1178 4151 1576 4243 sepulerum
1630 4144 1819 4221 Deus
1878 4145 2181 4219 reddidit
2242 4146 2405 4236 glo-

283 4272 548 4343 riosum
586 4282 734 4345 tum
788 4272 1138 4364 frequenti
1195 4274 1608 4363 populorum
1647 4287 2019 4351 concursu,
2054 4278 2203 4338 tum
2238 4267 2405 4359 plu-

273 4390 482 4462 rimis
517 4388 930 4481 Sanctorum
983 4392 1480 4464 intercessione
1523 4387 1827 4484 patratis.
1852 4387 2251 4461 miraculis.
2284 4383 2406 4491 ιΑο

1821 4513 1963 4596 18*
