3292 5275
878 466 1034 571 146,

873 628 1236 682 sacrorum
1265 604 1630 681 Canonum
1660 618 1731 679 et
1756 616 2197 681 memoratae·
2226 602 2683 679 Tridentinae
2720 603 3005 699 Synodi

871 729 1302 822 praescripta
1357 726 1780 819 dependeat.
1835 723 2059 799 Porro
2116 750 2345 821 usque
2400 730 2567 799 dum
2622 738 2731 800 tot
2808 728 3011 801 bona

873 846 1142 919 stabilia
1183 842 1336 944 (uti
1375 857 1717 940 praestat.
1736 848 2079 943 enixeque
2116 870 2454 923 successu
2494 850 2835 941 temporis
2874 870 3011 921 sa-

875 968 1252 1059 tagendum
1305 963 1465 1063 est)
1523 966 1785 1041 fuerint
1838 982 2273 1062 comparata,
2307 982 2480 1063 quot
2520 990 2831 1063 congrue
2870 990 3011 1040 va-

875 1086 1064 1166 leant
1118 1086 1516 1161 satisfacere
1582 1087 1873 1179 singulis
1958 1090 2249 1163 huiusce
2306 1086 2778 1184 Episcopatus
2834 1086 3009 1161 An-

878 1211 1222 1303 tioquien.
1251 1207 1632 1279 fundandis
1662 1208 2173 1291 dotationibus,
2204 1232 2489 1285 necesse
2518 1223 2651 1297 est,
2682 1223 2761 1285 ut
2800 1212 3013 1302 ipsae

876 1333 1162 1405 interim
1251 1332 1689 1407 decimarum
1771 1326 2441 1407 Ecclesiasticarum
2527 1336 3009 1425 proventibus

879 1460 1226 1529 nitantur.
1284 1445 1727 1545 Quapropter
1778 1454 2184 1537 statuimus,
2242 1466 2321 1527 ut
2376 1476 2468 1526 ex
2526 1454 2849 1527 omnibus
2888 1456 3015 1527 de-

880 1576 1078 1655 cimis
1133 1596 1260 1667 per
1327 1574 1739 1663 diligentem
1818 1574 2246 1666 probumque
2314 1576 2839 1649 mandatarium
2914 1576 3017 1648 ab

881 1696 1238 1791 Episcopo
1295 1694 1767 1787 deputandum
1824 1694 2233 1785 colligendis
2276 1695 2721 1789 fideliterque
2750 1718 3015 1771 cumu-

878 1820 1110 1892 landis
1139 1816 1292 1889 fieri
1327 1815 1586 1889 debeat
1641 1834 1866 1887 massa
1922 1815 2575 1908 communis,·quae
2613 1816 2839 1891 tribus
2878 1826 3017 1891 aut

881 1949 1182 2033 quatuor
1234 1944 1362 2007 aut
1419 1958 1546 2009 sex
1599 1936 1995 2028 quibusque
2056 1937 2227 2006 anni
2284 1937 2645 2011 mensibus
2720 1938 2796 2007 in
2878 1938 3021 2011 de-

883 2080 1038 2149 cem
1093 2058 1448 2131 dividatur
1504 2057 1835 2148 aequales
1868 2064 2131 2147 partes,
2164 2078 2461 2148 quarum
2496 2069 2633 2131 tres
2673 2078 2801 2148 pro
2830 2052 3017 2149 Epi-

888 2177 1144 2273 scopali
1199 2198 1468 2259 mensa,
1523 2177 1857 2269 ‚quinque
1917 2198 2045 2268 pro
2102 2168 2427 2267 Capitulo
2480 2180 2854 2262 universo,
2894 2199 3027 2253 re-

884 2302 1122 2394 liquae
1179 2300 1456 2373 demum
1487 2298 1663 2373 duae
1701 2319 1834 2390 pro
1858 2297 2153 2371 fabrica·
2178 2310 2251 2367 et
2284 2294 2609 2371 Sacrario
2643 2295 3017 2373 Ecclesiae

885 2417 1326 2497 Catbedralis
1387 2420 1608 2491 libere
1665 2418 2067 2492 tradantur.
2106 2413 2453 2491 Prudenti
2508 2438 2683 2491 vero
2738 2420 3017 2493 iudicio

885 2536 1276 2634 Apostolici
1315 2540 1789 2633 exequutor-is
1842 2538 2025 2611 inira
2062 2536 2443 2629 deputandi
2490 2538 2903 2629 designetur
2940 2550 3019 2611 et

889 2675 1276 2747 statuatur,
1309 2671 1526 2757 quota
1579 2660 1741 2734 dein
1796 2681 1923 2752 per
1978 2659 2533 2732 subdivisionem
2590 2681 2755 2752 pars
2810 2661 3021 2734 vide-

889 2789 1056 2860 licet
1092 2781 2165 2873 Canonico-dignitario,·quota
2211 2780 2601 2871 unicuique
2646 2776 3019 2854 canonico

889 2928 1029 2980 non
1083 2904 1476 2997 dignitarim
1541 2915 1767 2995 quota
1818 2902 2105 2974 demum
2172 2901 2567 2992 unicuique
2622 2895 3019 2993 Capeliano

893 3049 1018 3104 seu
1075 3023 1542 3101 Mansionario
1595 3021 2049 3099 attribuenda
2106 3022 2229 3092 sit.
2291 3015 2471 3092 Toto
2530 3032 2775 3095 autem
2832 3031 3027 3094 tem-

890 3169 1096 3242 pore,
1119 3168 1258 3240 quo
1285 3142 1502 3219 Sedes
1542 3140 1995 3236 Episcopalis
2054 3161 2333 3217 vacare.
2370 3139 2761 3231 contingat,
2803 3161 3025 3233 prae-

891 3271 1218 3362 cipimus,
1247 3269 1430 3360 quod
1469 3266 1693 3358 ipsius
1730 3285 2021 3338 mensae
2059 3263 2325 3337 reditus
2364 3261 2676 3336 fideliter
2704 3265 3029 3355 partian-

895 3397 1042 3472 tur,
1067 3400 1144 3462 et
1195 3391 1498 3462 alterum
1549 3385 1919 3461 dimidium
1956 3379 2241 3456 Vicario
2268 3379 2663 3475 Capitulari
2700 3403 2829 3456 seu
2870 3381 3027 3454 Ad·-

893 3508 1357 3583 ministratori
1411 3509 1781 3600 ipsiusmet
1836 3501 2199 3578 Ecclesiae
2258 3505 2333 3576 in
2388 3507 2497 3576 sui
2560 3503 3025 3578 honorarium

897 3630 1363 3716 adiudlcetur,
1393 3630 1697 3700 alterum
1750 3627 1917 3701 dein
1970 3623 2213 3698 futuro
2253 3621 2617 3718 Episcopo
2666 3624 2751 3695 ad
2798 3625 3029 3696 susti-

899 3751 1137 3839 nenda,
1179 3747 1536 3841 impendia
1592 3758 1765 3823 tum-
1794 3767 1923 3836 pro
1958 3740 2319 3830 Canouiea
2364 3741 2737 3818 Bullarum
2798 3765 3025 3837 expe-

899 3869 1156 3947 ditione
1185 3870 1300 3954 .ad
1353 3867 1676 3952 vacantis
1728 3863 2100 3943 Ecclesiae
2165 3861 2607 3944 cathedralis
2670 3863 3035 3955 provisio—

899 4011 1084 4075 nem,
1123 4001 1278 4064 vum
1315 4011 1444 4082 pro
1482 3988 1787 4062 caeteris
1824 3985 1897 4058 in
1944 4007 2075 4063 suo
2132 3986 2555 4077 praesertim
2616 3983 2841 4076 primo
2900 3983 3033 4058 ad-

898 4121 1114 4188 ventu
1169 4121 1496 4187 accurate
1550 4117 1985 4182 reservetur.

930 4289 956 4300 -
1099 4227 1398 4307 ’Sar-tum
1447 4249 1620 4302 vero
1674 4239 2079 4321 tectumque
2152 4229 2249 4300 sit
2302 4228 2411 4308 ius
2464 4229 2707 4300 favore
2736 4245 3031 4300 mensae

901 4346 1338 4446 Episcopnlis
1409 4361 1486 4424 et
1535 4347 1897 4427 Ecclesiae
1950 4347 2424 4432 Gathedrans,
2486 4350 2827 4442 istiusque
2882 4345 3031 4420 Ca-
