3292 5275
870 448 1027 529 396

948 588 1177 662 coepto
1202 600 1271 645 se
1300 582 1505 647 socios
1544 584 1890 663 adiungam
1913 602 1948 641 ε·
1977 584 2282 661 quocirca
2313 582 2630 664 frugifero
2671 582 2828 645 huic

950 676 1131 755 operi
1174 674 1383 739 Deum
1425 678 1774 757 propitium
1815 675 2200 757 adprecatur
2229 724 2248 739 .
2417 722 2432 738 .
2601 722 2616 738 .
2787 698 2823 737 ιι
2903 672 2988 740 87

870 858 1201 925 Allocutio
1240 862 1456 925 habita
1496 862 1597 925 die
1636 860 1718 927 23
1757 864 2108 927 decembris
2149 862 2228 926 ad
2285 860 2348 927 S.
2393 863 2476 927 R.
2523 862 2600 927 E.
2663 863 2822 929 Car-

946 954 1189 1017 dinales
1252 957 1313 1017 in
1374 954 1658 1019 Aedibus
1699 954 2024 1019 Vaticanis
2067 990 2146 1003 --
2189 954 2400 1020 Iustus
2459 967 2516 1019 et
2573 956 2818 1019 miseri-

946 1066 1083 1109 cors
1124 1045 1289 1111 Deus
1329 1080 1407 1093 -
1448 1046 1762 1126 Nuntiat,
1807 1050 1948 1113 heic
1999 1068 2260 1131 quoque
2317 1050 2564 1113 Romae
2612 1051 2818 1129 legem

948 1142 1339 1221 propositam
1384 1140 1577 1205 fuisse
1620 1140 2014 1221 Legislativo
2045 1142 2304 1219 Coetui,
2345 1161 2474 1205 non
2513 1144 2824 1205 obstanti-

944 1234 1065 1297 bus
1102 1234 1235 1298 suis
1262 1234 1856 1299 denunciationibus
1895 1244 1964 1299 et
2005 1237 2392 1315 gravissimis
2435 1237 2816 1299 condemna·

949 1326 1253 1403 tionibus3
1317 1327 1379 1387 in
1446 1326 1712 1407 reliquis
1749 1325 2002 1392 .1taliae
2063 1330 2358 1411 partibus
2397 1332 2818 1410 exequutioni

946 1420 1253 1500 gradatim
1296 1418 1758 1497 demandatam,
1787 1421 1866 1483 de
1897 1420 2238 1501 Religiosis
2270 1422 2524 1485 familiis
2563 1426 2820 1503 suppri-

944 1512 1209 1589 mendis,
1249 1518 1313 1575 et
1359 1510 1683 1575 Ecclesiae
1747 1513 1928 1577 bonis
1971 1514 2124 1576 fisco
2167 1514 2554 1592 addicendiS,
2593 1524 2658 1579 et
2699 1534 2820 1596 pu-

944 1606 1149 1669 blicae
1192 1606 1525 1669 licitationi
1568 1606 1958 1671 obiiciendis.
2019 1606 2204 1683 Quae
2257 1610 2382 1671 iam
2432 1609 2510 1671 de
2553 1610 2675 1671 boc
2723 1610 2820 1671 ra-

884 1741 891 1749 ·
944 1700 1159 1763 cinore
1200 1698 1281 1760 ad
1308 1697 1712 1763 cardinalem
1755 1718 1794 1761 a
1821 1698 2104 1765 Publicis
2151 1700 2436 1779 Negotiis
2476 1702 2541 1763 iu
2583 1702 2824 1782 episto-

945 1792 1010 1853 la
1052 1791 1367 1871 praesenti
1430 1791 1762 1855 volumine
1825 1800 2120 1855 contenta
2171 1794 2548 1875 scripserat,
2591 1795 2654 1856 in
2695 1794 2820 1857 hac

945 1882 1357 1947 Allocutione
1399 1884 1668 1945 strictim
1711 1886 1964 1965 repetit.
2031 1884 2358 1949 Nefariam
2407 1886 2614 1966 legem
2663 1905 2819 1950 exe-

942 1996 1126 2039 crans
1152 2020 1172 2055 ,
1214 1977 1467 2039 irritum
1509 1978 1639 2039 iam
1683 1996 1852 2039 nunc
1894 1981 2278 2057 pronunciat
2331 1980 2637 2059 quidquid
2677 1980 2818 2043 fieri

942 2072 1101 2135 velit
1140 2078 1360 2133 contra
1392 2072 1539 2135 iura
1568 2073 2120 2153 etpatrimonium
2151 2071 2506 2149 Ecclesiae,
2541 2088 2820 2137 cassam·

942 2183 1069 2245 que
1111 2182 1373 2245 prorsus
1416 2173 1483 2229 et
1522 2165 1772 2229 nullam
1811 2166 2100 2231 declarat
2139 2168 2496 2245 quamlibet
2547 2168 2818 2247 praeda-

946 2267 1157 2323 torum
1224 2259 1539 2322 bonorum
1602 2260 2088 2339 acquisitionem
2151 2275 2558 2340 quocumque
2623 2260 2816 2323 titulo

942 2352 1199 2418 factam.
1240 2350 1557 2415 Auctores
1588 2361 1804 2424 autem
1833 2360 1898 2417 et
1927 2353 2209 2417 fautores
2237 2353 2430 2415 huius
2470 2353 2632 2431 legis
2673 2371 2816 2415 mo-

943 2452 1077 2529 net,
1108 2452 1181 2509 ut
1208 2446 1611 2522 meminerint
1653 2464 2070 2512 censurarum
2111 2464 2590 2525 poenarumque
2629 2447 2818 2526 spiri-

942 2538 1241 2613 tualium,
1270 2555 1431 2619 quas
1462 2539 1690 2619 inipso
1733 2538 1902 2602 sacto
1945 2538 2362 2603 incurrendas
2395 2536 2808 2618 Apostolicae

940 2626 1439 2696 Constitutiones
1504 2630 1906 2696 invasoribus
1971 2626 2300 2696 Ecclesiae
2367 2632 2608 2696 iurium
2651 2632 2814 2696 inssi-

942 2732 1119 2808 gunt.
1166 2723 1315 2786 Pari
1365 2741 1511 2784 cum
1562 2723 1788 2786 dolore
1843 2731 2158 2788 memorat
2195 2726 2541 2788 acerrimas
2584 2723 2816 2790 Eccle-

942 2820 1074 2882 siae
1112 2826 1178 2880 et
1204 2817 1485 2879 fidelium
1530 2819 1903 2882 vexationes
1945 2819 2008 2880 in
2051 2836 2218 2881 novo
2259 2815 2648 2906 Germanico
2687 2817 2814 2882 lm-

941 2913 1144 2992 perio,
1190 2913 1251 2974 in
1290 2911 1618 2975 nonnullis
1662 2912 1841 2992 pagis
1881 2909 2258 2976 Helveticae
2299 2909 2350 2972 F
2355 2913 2810 2992 cederationis

940 3013 1005 3070 et
1052 3006 1117 3071 in
1160 2988 1507 3084 Hispania,
1562 3011 1629 3068 et
1687 3004 2280 3087 Constantinopoli,
2324 3005 2434 3068 ubi
2478 3005 2820 3070 Armenio-

936 3117 1081 3186 rum
1124 3098 1392 3160 schisma
1438 3097 1820 3182 exardescit.
1871 3096 2042 3179 Inter
2085 3105 2180 3162 tot
2221 3101 2534 3162 moeroris
2575 3118 2808 3165 causas

938 3197 1273 3254 recreatur
1314 3173 1672 3253 admirabili
1739 3194 2088 3256 constantia
2155 3199 2221 3254 et
2271 3183 2659 3274 operositate
2701 3211 2814 3257 ca-

940 3285 1161 3349 tholici
1192 3281 1613 3368 Episcopatus
1642 3294 2287 3350 commemoratarum
2316 3289 2649 3393 regionum
2677 3305 2808 3352 non

940 3377 1145 3446 minus
1187 3395 1377 3458 quam
1422 3384 1804 3442 ceterarum.
1851 3377 2138 3445 Sermoni
2199 3397 2320 3442 suo
2373 3378 2558 3459 tinem
2601 3381 2810 3462 impo-

938 3469 1032 3533 nit
1070 3487 1243 3550 spem
1286 3472 1702 3552 exprimendo
1765 3474 1830 3536 iu
1893 3470 2033 3537 Deo
2083 3473 2352 3554 positam
2385 3515 2406 3552 ,
2447 3474 2560 3552 qui
2601 3475 2813 3540 iustus

940 3570 1143 3648 estet
1186 3565 1544 3628 misericors
1671 3611 1688 3628 .
1855 3611 1870 3626 .
2039 3612 2054 3627 .
2219 3611 2240 3646 ,
2403 3611 2419 3628 .
2587 3611 2604 3628 .
2775 3592 2809 3630 a
2893 3569 2978 3638 89

1643 3963 2230 4036 unccctxxm.
2315 4065 2320 4068 ,

862 4255 1150 4342 Epistola
1184 4259 1523 4346 Encyciica
1568 4263 1645 4326 ad
1695 4262 2040 4326 Antonium
2085 4261 2480 4328 Petrule
2521 4261 2808 4328 Patriar-

942 4355 1125 4418 cham
1170 4353 1455 4436 Ciliciae,
1498 4367 1561 4422 et
1604 4357 2158 4439 ArcbiepiscopoS,
2206 4357 2578 4440 Episcopos,
2621 4360 2806 4422 item-
