3292 5275
2280 509 2439 596 809

321 657 530 728 catio.
587 651 1027 747 Quapropter
1112 655 1185 724 in
1243 673 1400 726 eam
1470 655 1890 728 sententiam
1966 655 2433 742 devenimus,

323 787 427 862 ut,
457 777 720 848 sublata
777 777 1038 848 unione
1093 771 1644 868 Apostolicarum
1684 771 2217 869 Delegationum
2270 771 2442 847 Per-

321 896 488 969 sidis
547 895 907 979 videlieet,
981 905 1056 969 et
1110 891 1688 986 Mesopotamiae,
1748 919 1925 988 quas
1980 897 2181 968 modo
2237 915 2443 970 vaon-

325 1037 402 1088 re
457 1015 748 1106 contigit
833 1037 958 1107 per
1023 1015 1299 1087 obitum
1355 1011 1796 1088 Venerabilis
1852 1013 2117 1088 Fratris
2170 1005 2442 1087 Nicolai

323 1133 620 1210 Castells
671 1133 1197 1228 Archiepisoopi
1235 1131 1912 1230 Martianopolitani‚
1962 1157 2127 1209 suus
2164 1155 2247 1207 ae
2283 1155 2446 1227 pro·-

323 1258 516 1348 prius
573 1259 849 1348 utrique
903 1277 988 1326 ex
1043 1277 1288 1336 nune,
1347 1266 1420 1326 et
1473 1259 1543 1328 in
1610 1267 1972 1347 posterum
2028 1253 2447 1349 praeficere·-

325 1387 442 1449 tur
497 1374 833 1448 Antistes.
894 1374 1142 1469 ltaque
1199 1376 1285 1446 de
1341 1377 1630 1447 oonsilio
1690 1369 2211 1449 venerabilium
2268 1372 2440 1448 Fra·-

324 1505 517 1570 trum
575 1492 996 1569 Nostrorum
1073 1492 1146 1566 S.
1207 1492 1787 1586 Congregationis
1852 1498 1935 1567 de
1988 1493 2444 1591 Propaganda

325 1611 498 1688 Fide
553 1637 680 1708 pro
745 1611 1056 1706 Negotiis
1137 1613 1344 1692 Ritus
1411 1611 1792 1696 Orientalis
1846 1613 1919 1689 S.
1976 1614 2065 1689 R.
2124 1613 2213 1688 E.
2270 1613 2449 1689 Can-

327 1735 688 1822 dinali‘um,
765 1747 962 1808 motu
1019 1737 1330 1830 proprio,
1377 1749 1572 1812 certa
1629 1739 1957 1824 seientia,
2014 1749 2088 1811 et
2141 1738 2229 1810 de
2263 1733 2450 1830 Apo·

325 1861 619 1931 stolidae
679 1857 1054 1951 potestatis
1109 1857 1548 1950 plenitudine
1631 1860 1965 1933 unionem
2030 1859 2446 1949 abrogamus

325 1980 734 2053 earumdem
795 1975 1338 2070 Delegationum
1415 1981 1763 2051 sancitam
1816 1977 2243 2072 Apostolieis
2302 1975 2451 2052 Lit-

327 2102 496 2174 teris
552 2099 760 2172 editis
813 2100 927 2173 die
983 2095 1199 2170 XXV.
1260 2095 1434 2170 Maii
1494 2097 1683 2172 Anni
1740 2093 2209 2184 MDCCCLX‚
2266 2119 2451 2194 qua·-

328 2243 490 2294 rum
553 2221 832 2293 initium
897 2244 931 2290 α
992 2217 1200 2309 Quod
1253 2215 1721 2292 Orientalium
1780 2243 1815 2290 i>
1878 2231 1953 2294 et
2019 2232 2161 2294 tam
2214 2217 2451 2294 Meso-

325 2342 674 2436 potamiae
742 2361 888 2413 una
941 2363 1101 2414 eum
1155 2337 1580 2414 Kurdistano
1633 2351 1710 2413 et
1762 2337 2087 2414 Armenia
2141 2338 2447 2430 Minori,

327 2483 538 2558 quam
591 2457 863 2534 Persidi
919 2483 1125 2535 suum
1208 2483 1292 2534 ac
1349 2463 1763 2537 distinctum
1817 2457 2263 2555 Apostolicae
2319 2459 2453 2536 Se-

327 2583 438 2657 dis
495 2578 900 2675 Delegatum
979 2583 1224 2655 adesse
1281 2582 1600 2655 iubemus
1637 2605 1763 2678 per
1796 2579 1968 2674 Nos,
2022 2595 2095 2659 et
2148 2581 2451 2665 Succes-

327 2726 524 2778 sores
575 2701 868 2777 Nostros
923 2700 1276 2777 Romanos
1314 2700 1694 2779 Pontifices
1750 2704 2217 2798 deligendum.
2273 2702 2453 2781 Eius

329 2846 540 2917 porro
610 2824 906 2899 officium
963 2828 1100 2897 erit
1136 2820 1392 2901 Nostro
1445 2828 1761 2915 nomine,
1790 2838 1865 2899 et
1918 2828 2331 2900 auctoritate
2368 2828 2455 2901 fi-

331 2948 596 3021 delium
659 2967 900 3019 euram
955 2968 1194 3041 gerere
1221 2996 1242 3033 ‚
1301 2948 1628 3039 graviora
1696 2950 2177 3021 ecclesiastiea
2240 2968 2457 3040 nego-

331 3072 434 3143 tia
509 3068 880 3155 moderari,
937 3068 1346 3161 exequenda
1429 3052 1705 3155 curare,
1782 3090 1963 3162 quae
2020 3067 2107 3139 ab
2161 3065 2457 3160 Aposto-

329 3190 472 3263 liea
531 3191 664 3261 hae
719 3184 902 3261 Sede
959 3188 1049 3259 ad
1103 3187 1468 3279 spirituale
1516 3188 1785 3261 illorum
1826 3189 2139 3280 regimen
2192 3187 2457 3261 consti-

335 3321 498 3383 tuta
552 3309 863 3399 fuerint3
916 3320 990 3381 et
1044 3308 1226 3380 illius
1281 3307 1667 3381 auotoritas
1722 3331 1767 3381 a
1818 3310 2193 3403 quibusvis
2229 3303 2453 3382 Paro-

333 3432 486 3505 ehis
555 3434 668 3505 vel
749 3428 1114 3524 Episcopis
1194 3430 1503 3521 regionis
1579 3431 1772 3505 illius
1856 3428 2122 3525 requiri
2202 3430 2454 3503 debeat

333 3554 620 3649 quando
669 3551 1220 3625 ecclesiasticum
1259 3551 1538 3646 aliquod
1577 3553 1939 3646 negotium
1977 3552 2270 3646 potioris
2304 3574 2459 3625 mo-

337 3676 558 3749 menti
617 3684 990 3762 oceurrat3
1029 3673 1224 3747 salva
1263 3675 1338 3745 in
1375 3671 1691 3745 omnibus
1730 3674 2151 3745 auctoritate
2202 3692 2459 3745 memo-

337 3810 544 3871 ratae
603 3792 897 3869 Nostrae
951 3792 1532 3889 Congregationis
1617 3792 1705 3867 de
1768 3790 2227 3887 Propagandi!
2282 3791 2457 3869 Fide

341 3940 470 4011 pro
528 3913 847 4009 Negotiis
905 3914 1116 3989 Ritus
1188 3913 1598 3989 Orientalis.
1658 3912 1811 3987 Non
1873 3916 2275 3989 dubitamus
2330 3938 2461 3989 au-

341 4052 484 4112 tem
537 4042 710 4134 quin
766 4060 1037 4124 omnes,
1096 4049 1168 4111 et
1205 4040 1464 4129 singuli
1521 4037 1759 4111 fideles
1813 4037 2131 4113 cuiusvis
2186 4038 2457 4112 ordinis

345 4161 732 4255 dignitatiS‚
789 4160 904 4233 vel
960 4162 1172 4245 ritus,
1221 4178 1600 4253 eorumque
1658 4160 1733 4230 in
1788 4160 2029 4251 primis
2085 4158 2460 4233 Antistites

342 4286 468 4380 qui
507 4296 692 4369 sunt,
730 4286 849 4355 vel
887 4292 1122 4366 erunt,
1161 4278 1653 4373 Apostolicum
1688 4276 2096 4371 Delegatum
2158 4283 2232 4353 in
2286 4277 2465 4355 Per·-

343 4408 496 4481 side
555 4427 682 4499 pro
739 4414 1058 4498 tempore
1111 4406 1528 4479 existentem
1583 4404 1821 4475 debito
1874 4404 2157 4493 honore,
2213 4426 2294 4478 ae
2347 4428 2461 4481 re-
