3292 5275
865 477 1019 562 100

858 615 1233 692 Armeniae
1287 619 1479 713 genti
1536 620 1994 705 incubarunt,
2053 639 2348 714 eamque
2401 622 2491 693 ab
2542 615 3012 713 Apostolieae

862 737 1064 814 Sedis
1119 739 1607 814 communione
1661 749 1734 812 et
1791 740 2188 814 obedientia
2259 763 2400 814 una
2465 763 2705 816 secum
2757 741 3010 816 divel-

860 863 1008 934 lere
1062 862 1462 934 omnimode
1535 859 2028 934 connituntur.
2109 859 2187 932 Id
2242 885 2416 936 vero
2481 873 2564 936 ut
2615 882 2700 936 ex
2749 884 3012 936 eorum

864 981 1211 1055 sententia
1268 982 1503 1064 cedat,
1545 984 1850 1056 multum
1907 983 2272 1054 adlaborat
2327 983 2506 1055 alter
2541 1004 2586 1054 e
2621 978 3012 1056 Neoschis-

861 1103 1139 1174 maticis
1204 1101 1692 1176 sacerdotibus
1758 1097 2056 1174 loannes
2113 1097 2456 1195 Kupelian
2490 1151 2510 1188 ,
2579 1124 2790 1196 quem
2851 1105 3010 1176 iam

864 1234 1071 1296 antea
1127 1223 1203 1294 in
1258 1221 1545 1296 civitate
1601 1217 2119 1294 Diarbekirien.
2179 1243 2299 1296 seu
2359 1220 2686 1298 Amiden.
2748 1224 3006 1295 turbas

864 1345 1229 1418 foventem
1282 1355 1356 1415 et
1410 1342 1710 1420 schisma
1766 1344 2192 1416 excitantem
2245 1338 2426 1418 Ven.
2479 1340 2596 1416 Fr.
2662 1340 3006 1418 Nicolaus

864 1459 1457 1556 Archiepiscopus
1495 1457 2222 1555 MartianopolitanuS‚
2261 1459 2706 1556 Apostolicus
2745 1467 2822 1536 in
2857 1461 3016 1536 Me·-

870 1584 1261 1675 sopotamia
1316 1582 1613 1677 aliisque
1671 1583 2075 1676 regionibus
2123 1579 2524 1675 Delegatus,
2579 1585 3016 1660 auctoritate

868 1697 1126 1788 Nostra
1182 1704 1461 1796 publice
1517 1725 1603 1775 ac
1645 1703 2058 1776 nominatim
2114 1704 2874 1790 excommunicaverat,
2931 1717 3016 1778 et

874 1825 963 1898 ab
1018 1822 1341 1898 Ecclesia
1422 1824 1770 1896 catholica
1841 1824 2227 1898 abscissum
2307 1824 2818 1898 declaraverat.
2877 1823 3016 1899 me

872 1949 1066 2020 enim
1119 1957 1491 2040 postquam
1548 1945 1950 2040 sacrilegam
2005 1944 2470 2038 episcopalem
2532 1946 3016 2022 consecratio-

871 2089 1032 2142 nem
1086 2089 1129 2140 a
1181 2063 1851 2157 Pseudopatriarcha
1906 2068 2221 2159 recepit,
2276 2079 2350 2140 et
2403 2078 2758 2159 potestate
2813 2071 3016 2160 poti-

875 2200 989 2263 tus
1044 2201 1153 2262 est
1186 2237 1209 2276 ,
1267 2187 1649 2262 catholicos
1705 2183 2018 2258 Armenii
2077 2189 2252 2259 ritus
2285 2237 2307 2274 ,
2363 2209 2498 2282 qua
2555 2187 3012 2262 suasionibus

875 2333 1021 2411 qua
1073 2309 1279 2382 minis
1335 2309 1616 2402 publice
1673 2308 1915 2393 illatis,
1957 2309 2424 2382 dominationi
2477 2329 2646 2382 suae
2703 2310 3019 2384 submit-

876 2441 1025 2506 tere
1065 2430 1446 2524 praesumit
1482 2441 1697 2523 atque
1737 2429 2126 2502 contendit.
2168 2424 2372 2518 Quod
2411 2429 2470 2502 si
2509 2451 2844 2524 umquam
2879 2430 3016 2504 fie-

876 2561 1012 2641 ret,
1054 2553 1137 2624 ad
1174 2551 1625 2624 miserrimam
1663 2551 1850 2622 illam
1887 2550 2356 2625 conditionem
2393 2551 2722 2623 catholici
2781 2552 3018 2622 omni-

877 2696 967 2747 no
1021 2684 1577 2758 reverterentur,
1634 2693 1844 2765 quam
1899 2682 2062 2744 ante
2117 2672 2584 2765 quadraginta
2638 2672 2818 2746 duos
2877 2694 3016 2745 an-

876 2814 1009 2870 nos
1074 2795 1524 2888 patiebantur
1556 2840 1577 2879 ,
1636 2794 1800 2866 dum
1865 2794 2202 2885 potestati
2265 2803 2592 2867 veterum
2655 2794 2764 2867 sui
2833 2793 3018 2869 ritus

878 2915 1477 2989 schismaticorum
1530 2924 1736 2987 erant
1787 2914 2102 2987 obnoxii.

988 3026 1064 3107 4.
1127 3032 1471 3129 Equidem
1508 3030 1653 3107 Nos
1693 3035 1868 3105 nihil
1925 3036 2351 3107 intentatum
2395 3031 2840 3127 reliquimus,
2881 3046 2961 3107 ut
2985 3082 3012 3119 ,

878 3176 1076 3228 more
1115 3150 1752 3229 Praedecessorum
1787 3151 2228 3241 Nostrorum,
2283 3175 2583 3247 quorum
2637 3153 3022 3227 auctorita-

884 3286 1055 3362 tem,
1115 3277 1583 3369 patrocinium
1640 3285 1714 3345 et
1767 3295 1974 3367 opem
2029 3273 2526 3367 spectatissimi
2581 3274 2838 3369 quique
2875 3272 3020 3347 Ec·-

882 3397 1259 3471 clesiarum
1313 3392 1780 3471 Orientalium
1862 3391 2216 3488 Episcopi·
2251 3408 2324 3467 et
2377 3390 2620 3469 Patres
2677 3398 2748 3466 in
2803 3398 3022 3469 simi-

882 3519 1071 3593 libus
1126 3531 1524 3612 temporum
1576 3529 1650 3589 et
1715 3538 1949 3589 rerum
2005 3517 2350 3591 adiunctis
2407 3519 2786 3611 implorare
2841 3540 3024 3593 con-

886 3647 1303 3725 sueverunt,
1354 3659 1423 3708 a·
1450 3637 1666 3710 vobis
1714 3649 1907 3709 tanta
1961 3640 2148 3713 mala
2201 3639 2734 3731 depelleremus.
2793 3634 3020 3728 Quem

886 3762 1096 3835 etiam
1172 3762 1249 3832 in
1321 3759 1531 3832 finem
1605 3759 2237 3832 extraordinarium
2293 3756 2630 3834 Nostrum
2700 3761 3018 3851 legatum

888 3882 1071 3953 istuc
1126 3880 1442 3959 misimus
1458 3899 1487 3967 3
1539 3878 1908 3973 ipsumque
1965 3881 2431 3955 celsissimum
2465 3876 3016 3957 Othomanicum

889 3999 1427 4110 Imperatorem,
1485 4021 1573 4075 ne
1632 4002 1709 4072 in
1763 4002 1998 4093 aliquo
2052 4001 2296 4077 deesse
2351 4003 2756 4081 videremur
2787 4050 2811 4087 ‚
2869 4004 3024 4075 sin-

891 4118 1114 4217 gulari
1171 4119 1425 4196 Nostra
1480 4120 1780 4212 epistola
1835 4143 2059 4215 nuper
2114 4122 2501 4209 adivimu8‚
2543 4135 2893 4214 roganteS‚
2940 4134 3020 4195 ut

890 4245 978 4316 ad
1036 4245 1351 4317 iustitiae
1408 4244 1759 4317 tramitem
1815 4244 1996 4314 illata
2053 4245 2419 4317 catholicis
2471 4241 2831 4316 Armeniis
2891 4246 3020 4316 da-

889 4386 1055 4439 mna
1112 4365 1590 4451 sarcirentur,
1651 4378 1722 4437 et
1775 4366 1960 4459 gregi
2031 4386 2158 4438 suo
2241 4361 2492 4438 Pastor
2546 4368 2708 4439 exul
2765 4366 3014 4439 redde-
