3292 5275
871 458 971 539 tt

861 602 1042 673 forte
1097 601 1486 685 incurristi,
1539 600 1758 675 huius
1814 611 2097 675 tantum
2156 602 2255 673 rei
2312 604 2535 694 gratia
2601 602 2983 677 absolven-

861 727 999 802 tes,
1037 732 1110 794 et
1145 720 1544 793 absolutum
1583 722 1731 794 fore
1767 732 2176 806 >censentem
2234 721 2321 794 de
2358 723 2649 796 consilio
2700 744 2985 797 eorum-

861 842 1022 913 dem
1061 836 1232 913 Ven.
1267 837 1600 913 Fratrum
1639 836 2049 913 Nostrorum
2086 837 2162 912 S.
2192 837 2285 913 R.
2319 838 2403 914 Ε.
2460 836 2979 929 Cardinalium,

861 960 1218 1055 praefatae
1273 958 1679 1055 Episcopali
1736 958 2101 1034 Ecclesiae
2126 956 2561 1035 Mardinensi
2588 956 2983 1039 Chaldaeo-2

857 1102 1018 1153 rum
1071 1078 1474 1175 Apostolica
1529 1082 1949 1156 auctoritate
2004 1082 2475 1175 praeficimus,
2532 1080 2981 1178 eiusdemque

859 1198 1221 1274 Ecclesiae
1281 1221 1575 1285 curam,
1635 1204 1947 1295 regimen
2022 1212 2093 1273 et
2168 1204 2841 1277 administrationem
2906 1207 2981 1277 in

857 1319 1346 1415 spiritualibus
1401 1332 1474 1393 et
1531 1323 2031 1414 temporalibus
2068 1316 2227 1394 Tibi
2284 1324 2601 1416 plenarie
2656 1316 2984 1397 commit-

861 1442 1098 1515 timus
2736 1522 2741 1527 ,

1069 1558 1412 1635 Volumus
1467 1575 1709 1636 autem
1762 1575 1841 1636 nt
1902 1586 1941 1636 a
1996 1564 2313 1657 praefato
2370 1560 2545 1638 Ven.
2606 1562 2725 1637 Fr.
2786 1562 2983 1639 lose-

858 1684 996 1778 pho
1033 1678 1438 1755 Patriarcha
1493 1684 1604 1756 vel
1662 1685 1753 1755 ab
1806 1686 1943 1757 alio
1998 1680 2339 1757 Antistite
2376 1686 2466 1757 ab
2518 1703 2607 1758 eo
2660 1686 2982 1779 speciali-

858 1810 969 1877 ter
1022 1804 1478 1895 designando,
1526 1805 2017 1877 assistentibus
2074 1804 2349 1878 duobus
2407 1806 2559 1877 aliis
2614 1804 2978 1879 catholicis

857 1920 1227 2018 Episcopis
1281 1927 1434 1999 sive
1471 1922 1861 2011 Chaldaici,
1904 1928 2083 2013 sive,
2140 1927 2251 1997 bis
2288 1920 2805 2012 deficientibuS,
2865 1929 2979 2000 al·-

858 2048 1072 2119 terius
1125 2046 1462 2141 cuiusque
1519 2047 1731 2135 ritus,
1778 2049 2072 2138 gratiam
2128 2058 2202 2119 et
2254 2048 2813 2121 communionem
2848 2038 2981 2121 Se-

855 2168 964 2240 dis
999 2163 1477 2263 .Apostolicae
1548 2168 1979 2240 habentibus
2004 2217 2027 2252 ,
2098 2168 2657 2243 consecrationis
2718 2188 2977 2241 munus

853 2289 1076 2363 libere
1131 2310 1230 2361 ac·
1263 2288 1456 2361 licite
1500 2288 1821 2383 recipere
1876 2290 2102 2381 possis
2138 2299 2212 2359 et
2250 2288 2511 2360 valeas.
2554 2284 2818 2363 Verum
2854 2288 2977 2361 de*

855 2410 1208 2483 cernimus
1247 2430 1330 2484 ac
1365 2409 1701 2482 distincte
1732 2410 2232 2502 praecipitum,
2256 2420 2340 2483 ut
2377 2420 2755 2503 antequam
2791 2408 2979 2483 eius-

853 2530 1013 2604 dem
1087 2529 1632 2604 consecrationis
1707 2550 1967 2604 munus
2044 2530 2337 2623 recipias
2360 2577 2383 2614 ,
2460 2531 2975 2621 protessionem

855 2651 1018 2724 fidei
1071 2652 1458 2726 catholicae
1514 2651 1715 2726 iuxta
1770 2655 2063 2725 formam
2100 2651 2187 2722 ab
2226 2647 2511 2724 Urbano
2552 2648 2708 2722 vlu
2758 2648 2977 2725 Prae-

853 2771 1222 2846 decessore
1283 2768 1539 2845 Nostro
1619 2771 2061 2866 praefinitam
2134 2793 2275 2844 una
2350 2793 2507 2844 cum
2574 2763 2973 2846 iuramento

851 2892 1291 2966 obedientiae
1343 2904 1418 2966 et
1471 2892 1835 2966 fidelitatis
1872 2889 2085 2964 Nobis
2122 2913 2207 2964 ac
2244 2889 2787 2966 Successoribus
2825 2887 2975 2964 No-

852 3011 1018 3096 stris
1075 3014 1351 3087 debitae
1406 3016 1480 3085 in
1537 3011 1865 3086 manibus
1920 3012 2289 3083 memorati
2344 3007 2519 3083 Ven.
2563 3009 2683 3082 Fr.
2743 3009 2977 3084 Patri-

781 3161 786 3166 ’
854 3134 1107 3207 archae
1161 3135 1470 3206 emittas.
1529 3129 1606 3204 Si
1668 3145 1939 3218 autem,
1997 3131 2185 3227 quod
2240 3131 2448 3214 absit,
2502 3131 2973 3224 episcopalem

851 3255 1455 3327 consecrationem
1508 3251 1823 3347 recipere
1900 3253 2452 3346 praesumpseris
2483 3298 2506 3335 ,
2562 3270 2707 3323 non
2780 3253 2971 3325 edita

852 3375 1050 3468 prius
1091 3375 1536 3468 'professione
1591 3373 1754 3446 fidei
1808 3385 1879 3444 et
1936 3376 2335 3446 iuramento
2391 3370 2787 3463 praedictis,
2846 3393 2973 3444 no-

849 3497 1040 3570 veris
1082 3491 1185 3569 Te
1211 3511 1359 3567 'una
1411 3515 1570 3568 cum
1611 3489 1958 3566 Antistite
1995 3494 2117 3588 qui
2158 3489 2262 3564 Te
2298 3495 2399 3565 ita
2452 3493 2675 3566 sacris
2728 3513 2975 3567 caere-

851 3619 1106 3690 moniis
1161 3635 1568 3689 oonsecrare
1624 3637 1763 3688 non
1802 3617 2193 3699 dubitaret,
2236 3614 2791 3705 indignationem
2826 3610 2973 3689 No-

853 3749 1074 3810 stram
1115 3748 1200 3809 ·et
1245 3733 1382 3809 SS.
1439 3733 1945 3829 Apostolorum
2001 3734 2191 3807 Petri
2256 3745 2331 3807 et
2384 3731 2588 3807 Pauli
2642 3757 2798 3808 esse
2854 3737 2969 3808 in·-

853 3877 1278 3946 oursurum3
1335 3851 1575 3951 Teque
1632 3858 1921 3949 insuper
1975 3877 2015 3929 a
2068 3854 2497 3948 pontificalis
2570 3851 2779 3928 officii
2832 3877 2967 3930 ex-

853 3980 1104 4053 ercitio
1161 4001 1292 4054 nec
1347 3999 1490 4050 non
1545 3999 1588 4050 a
1647 3978 1979 4069 regimine
2018 3987 2090 4048 et
2140 3974 2751 4050 administratione
2808 3979 2966 4052 sive

852 4099 1196 4194 spirituali
1249 4101 1402 4172 sive
1459 4097 1829 4192 temporali
1867 4095 2227 4171 Ecclesiae
2266 4093 2463 4171 Tuae
2492 4119 2585 4172 -eo
2641 4101 2796 4192 ipso
2851 4119 2971 4172 su-

855 4233 1182 4316 spensum
1237 4222 1413 4294 fore.
1447 4215 1677 4293 Porro
1714 4219 2164 4314 professionis
2204 4217 2363 4292 fidei
2402 4241 2445 4292 a
2482 4213 2585 4292 Te
2622 4220 2720 4293 sic
2756 4221 2971 4293 emis·

855 4362 974 4420 sae
1029 4353 1102 4418 et
1155 4343 1530 4417 iuramenti
1587 4363 1630 4417 a
1670 4337 1769 4416 Te
1806 4339 2133 4440 ‘praestiti
2190 4341 2675 4421 authenticum
2729 4363 2971 4420 exem-
