3292 5275
2370 491 2518 576 371

406 627 735 724 Episcopi
770 625 1109 704 Niciensis
1139 627 1497 705 Sanctitas
1522 628 1666 708 Sua
1703 632 1932 722 voluit
1967 632 2272 728 suppleri
2299 635 2384 706 de
2413 655 2531 706 su·

406 771 685 844 premae
727 745 911 825 Suae
948 753 1391 824 auctoritatis
1430 751 1871 845 plenitudine
1909 773 2328 826 consensum
2367 751 2534 828 alio-

408 893 565 946 rum
620 893 1221 966 quorumcumque
1278 874 1621 946 interesse
1676 873 2120 962 habentium,
2170 875 2286 947 vel
2351 895 2536 969 quo-

406 989 787 1065 modolibet
838 991 1101 1064 babere
1166 994 1760 1086 praesumentium
1816 996 1904 1066 ad
1977 992 2536 1068 dismembratio-

410 1133 573 1186 nem
624 1135 669 1184 a
720 1107 1099 1185 Provincia
1152 1107 1650 1190 Ecclesiastica
1710 1110 2064 1208 Aquensi,
2121 1125 2196 1188 et
2251 1136 2294 1188 a
2355 1135 2539 1210 qua-

410 1253 712 1328 cumque
749 1227 1189 1327 Episcopalis
1236 1229 1589 1308 Ecclesiae
1626 1231 1972 1310 Niciensis
2025 1235 2382 1330 spirituali
2424 1238 2538 1312 iu-

414 1352 841 1437 risdictione,
895 1364 969 1426 et
1022 1353 1459 1429 subiectione
1516 1357 1740 1429 totius
1795 1357 2132 1430 territorii
2172 1352 2538 1450 Principa-

414 1486 527 1546 tus
560 1471 909 1561 Monoeci,
948 1475 1185 1568 prouti
1226 1473 1433 1548 hodie
1470 1486 1579 1548 est
1618 1487 1778 1568 post
1812 1473 2380 1552 Conventionem
2419 1497 2542 1550 an-

414 1613 509 1666 no
594 1585 823 1666 1861.
910 1593 1096 1666 inter
1150 1591 1485 1670 Carolum
1536 1591 1662 1666 111.
1741 1597 1938 1671 illius
2002 1592 2402 1692 Principem
2465 1608 2542 1670 et

416 1708 893 1806 Napoleonem
948 1709 1072 1786 111.
1133 1710 1491 1790 Gallorum
1548 1711 2054 1809 Imperatorem
2109 1716 2380 1790 initam.

626 1826 703 1905 2.
758 1830 1145 1927 Propterea
1168 1831 1597 1909 Parocbialis
1622 1832 1938 1910 Monoeci
1972 1834 2286 1913 Ecclesia
2311 1833 2386 1910 S.
2415 1831 2540 1910 Ni-

420 1955 617 2028 colao
644 1955 903 2040 dicata,
934 1956 1263 2052 aliaeque
1301 1979 1545 2032 omnes
1573 1953 1961 2045 Ecclesiae,
1989 1954 2347 2052 Capellae,
2371 1953 2546 2032 Ora-

422 2075 630 2158 toria‚
690 2077 863 2148 loca·
904 2076 1022 2169 pia
1073 2096 1559 2172 quaecumque
1597 2099 1758 2152 cum
1797 2077 2122 2152 omnibus
2175 2079 2544 2172 utriusque
2677 2165 2684 2172 ,

421 2215 631 2268 sexus
686 2195 965 2279 incolis,
1025 2196 1405 2288 religiosis,
1460 2217 1844 2293 eorumque
1899 2198 2254 2282 domibus,
2295 2210 2366 2270 et
2403 2192 2550 2271 Ec-

423 2316 689 2398 clesiis,
742 2309 1449 2392 Confraternitatibus
1479 2366 1500 2404 ,
1560 2317 1690 2412 piis
1745 2314 2144 2403 Sodalitiis,
2211 2319 2549 2394 caeteris-

424 2457 563 2532 que
619 2437 939 2510 omnibus
992 2460 1153 2513 cum
1208 2438 1353 2514 suis
1426 2439 1786 2514 consuetis
1843 2439 2279 2524 accessoriis,
2333 2452 2408 2514 et
2459 2439 2548 2512 de

428 2556 581 2630 iure
632 2557 1301 2648 concomitantibus»,
1360 2582 1536 2658 quae
1593 2571 1822 2636 totum
1879 2561 2314 2634 territorium
2349 2555 2554 2633 Prin-

426 2678 695 2771 cipatus
748 2674 1066 2753 Monoeci
1120 2680 1330 2754 hodie
1385 2683 1862 2769 constituunt,
1917 2682 1991 2753 in
2051 2681 2336 2776 eiusque
2391 2700 2552 2755 am-

427 2797 579 2873 bitu
618 2800 1217 2893 complectuntur,
1249 2824 1287 2875 a
1306 2797 1686 2877 Provincia
1711 2798 2208 2890 Ecclesiastiea
2236 2799 2550 2897 Aquensi

428 2931 504 2992 et
550 2942 591 2993 a
629 2915 955 2993 Dioecesi
1006 2916 1315 2996 Niciensi
1372 2924 1552 2998 illico
1608 2924 2158 3009 subtrahantur,
2216 2932 2288 2996 et
2341 2924 2556 3019 spiri-

430 3041 717 3113 tualiter
771 3042 1057 3116 omnino
1110 3056 1554 3138 separentur.

642 3152 716 3236 3.
778 3158 1097 3237 Ecclesia
1155 3166 1397 3259 itaque
1452 3161 1771 3239 Monoeci
1829 3160 1908 3239 S.
1968 3158 2270 3237 Nicolao
2323 3184 2552 3248 sacra,

432 3284 655 3357 altero
708 3306 985 3381 quoque
1039 3279 1343 3359 Patrono
1400 3286 1700 3371 adscito,
1759 3306 2016 3380 nempe
2054 3280 2132 3359 S.
2171 3280 2556 3357 Benedicta

435 3400 927 3479 Monachorum
965 3400 1519 3480 occidentalium
1554 3402 1764 3479 Patre
1801 3419 1875 3481 et
1911 3402 2272 3500 Magistro,
2301 3404 2390 3479 ad
2428 3406 2561 3477 ho·

436 3546 705 3609 norem,
762 3526 1079 3613 titulum,
1138 3527 1613 3621 privilegium,
1669 3539 1743 3601 et
1796 3526 2358 3602 iurisdictionem
2412 3525 2564 3599 Ab·

438 3647 711 3722 batialis
776 3644 1137 3723 Ecclesiae
1214 3644 1489 3724 Nullius
1554 3659 1877 3740 assurgat
1953 3660 2026 3721 et
2089 3649 2504 3721 nominetur
2534 3695 2557 3732 ,

439 3780 859 3844 conservata
899 3781 1139 3843 tamen
1172 3790 1297 3843 sua
1329 3769 1854 3863 paroecialitate
1895 3790 2021 3863 per
2057 3763 2562 3863 Presbyterum

440 3886 628 3962 Cleri
684 3891 1067 3965 saecularis
1134 3888 1710 3963 administranda:
1771 3892 1840 3963 in
1895 3912 2112 3986 eaque
2167 3884 2562 3963 Abbatialis

440 4006 793 4085 Cathcdra
848 4012 1341 4099 constituatur,
1382 4024 1453 4085 et
1510 4010 1599 4083 sit
1653 4032 1782 4104 pro
1839 4034 1979 4087 uno
2035 4009 2312 4087 Abbate
2351 4006 2566 4083 Ordi-

440 4132 645 4204 nario
698 4124 986 4204 Ordinis
1040 4127 1113 4204 S.
1158 4126 1521 4205 Benedicti
1569 4127 2145 4229 Congregationis
2183 4128 2564 4206 Cassinen-

445 4254 545 4329 sis
600 4250 993 4350 primaevae
1048 4252 1571 4329 observantiae.

1977 4362 2130 4453 24·
