<?xml version="1.0" encoding="UTF-8"?>
<!DOCTYPE html PUBLIC "-//W3C//DTD XHTML 1.0 Transitional//EN"
    "http://www.w3.org/TR/xhtml1/DTD/xhtml1-transitional.dtd">
<html xmlns="http://www.w3.org/1999/xhtml" xml:lang="en" lang="en">
 <head>
  <title>
</title>
<meta http-equiv="Content-Type" content="text/html;charset=utf-8" />
  <meta name='ocr-system' content='tesseract 3.04.00' />
  <meta name='ocr-capabilities' content='ocr_page ocr_carea ocr_par ocr_line ocrx_word'/>
</head>
<body>
  <div class='ocr_page' id='page_1' title='image "./piiixpontificis01ixgoog_0656.png"; bbox 0 0 3292 5275; ppageno 0'>
   <div class='ocr_carea' id='block_1_1' title="bbox 891 639 3051 2787">
    <p class='ocr_par' dir='ltr' id='par_1_1' title="bbox 891 639 3051 2787">
     <span class='ocr_line' id='line_1_1' title="bbox 895 639 3051 732; baseline -0.007 -9"><span class='ocrx_word' id='word_1_1' title='bbox 895 671 984 724; x_wconf 83' lang='lat' dir='ltr'><strong>ns</strong></span> <span class='ocrx_word' id='word_1_2' title='bbox 1047 646 1230 718; x_wconf 80' lang='lat' dir='ltr'><strong>ratio</strong></span> <span class='ocrx_word' id='word_1_3' title='bbox 1290 645 1727 716; x_wconf 79' lang='lat' dir='ltr'><strong>demonstrat</strong></span> <span class='ocrx_word' id='word_1_4' title='bbox 1760 691 1783 726; x_wconf 90' lang='lat'>‚</span> <span class='ocrx_word' id='word_1_5' title='bbox 1844 639 2193 732; x_wconf 77' lang='lat' dir='ltr'><strong>duplicem</strong></span> <span class='ocrx_word' id='word_1_6' title='bbox 2250 641 2560 712; x_wconf 78' lang='lat' dir='ltr'><strong>existere</strong></span> <span class='ocrx_word' id='word_1_7' title='bbox 2614 657 2847 710; x_wconf 82' lang='lat' dir='ltr'><strong>rernm</strong></span> <span class='ocrx_word' id='word_1_8' title='bbox 2900 657 3051 708; x_wconf 86' lang='lat'><strong>01·-</strong></span> 
     </span>
     <span class='ocr_line' id='line_1_2' title="bbox 899 752 3049 860; baseline -0.007 -18"><span class='ocrx_word' id='word_1_9' title='bbox 899 769 1160 860; x_wconf 77' lang='lat' dir='ltr'><strong>dinem‚</strong></span> <span class='ocrx_word' id='word_1_10' title='bbox 1203 752 1551 856; x_wconf 83' lang='lat' dir='ltr'><strong>simulque</strong></span> <span class='ocrx_word' id='word_1_11' title='bbox 1609 763 1807 834; x_wconf 77' lang='lat' dir='ltr'><strong>binas</strong></span> <span class='ocrx_word' id='word_1_12' title='bbox 1844 760 2371 851; x_wconf 76' lang='lat' dir='ltr'><strong>distinguendas</strong></span> <span class='ocrx_word' id='word_1_13' title='bbox 2429 779 2579 830; x_wconf 89' lang='lat' dir='ltr'><strong>esse</strong></span> <span class='ocrx_word' id='word_1_14' title='bbox 2636 769 3049 852; x_wconf 74' lang='lat' dir='ltr'><strong>potestates</strong></span> 
     </span>
     <span class='ocr_line' id='line_1_3' title="bbox 895 879 3047 975; baseline -0.004 -15"><span class='ocrx_word' id='word_1_15' title='bbox 895 889 964 960; x_wconf 89' lang='lat' dir='ltr'><strong>in</strong></span> <span class='ocrx_word' id='word_1_16' title='bbox 1019 888 1252 974; x_wconf 83' lang='lat' dir='ltr'><strong>terris,</strong></span> <span class='ocrx_word' id='word_1_17' title='bbox 1287 887 1568 972; x_wconf 65' lang='lat' dir='ltr'><strong>alteram</strong></span> <span class='ocrx_word' id='word_1_18' title='bbox 1620 885 2019 956; x_wconf 76' lang='lat' dir='ltr'><strong>naturaiem</strong></span> <span class='ocrx_word' id='word_1_19' title='bbox 2056 901 2247 975; x_wconf 82' lang='lat' dir='ltr'><strong>quae</strong></span> <span class='ocrx_word' id='word_1_20' title='bbox 2287 881 2627 952; x_wconf 78' lang='lat' dir='ltr'><strong>humanae</strong></span> <span class='ocrx_word' id='word_1_21' title='bbox 2666 879 3047 952; x_wconf 77' lang='lat' dir='ltr'><strong>societatis</strong></span> 
     </span>
     <span class='ocr_line' id='line_1_4' title="bbox 893 1000 3047 1101; baseline -0.006 -18"><span class='ocrx_word' id='word_1_22' title='bbox 893 1005 1378 1101; x_wconf 73' lang='lat' dir='ltr'><strong>tranquillitati</strong></span> <span class='ocrx_word' id='word_1_23' title='bbox 1433 1015 1504 1098; x_wconf 84' lang='lat' dir='ltr'><strong>et</strong></span> <span class='ocrx_word' id='word_1_24' title='bbox 1554 1005 2033 1096; x_wconf 57' lang='lat' dir='ltr'><strong>saecularibus</strong></span> <span class='ocrx_word' id='word_1_25' title='bbox 2090 1001 2382 1092; x_wconf 81' lang='lat' dir='ltr'><strong>negotiis</strong></span> <span class='ocrx_word' id='word_1_26' title='bbox 2440 1000 2859 1092; x_wconf 78' lang='lat' dir='ltr'><strong>prospiciat,</strong></span> <span class='ocrx_word' id='word_1_27' title='bbox 2916 1003 3047 1072; x_wconf 75' lang='lat' dir='ltr'><strong>al-</strong></span> 
     </span>
     <span class='ocr_line' id='line_1_5' title="bbox 900 1125 3045 1215; baseline -0.003 -13"><span class='ocrx_word' id='word_1_28' title='bbox 900 1142 1123 1202; x_wconf 79' lang='lat' dir='ltr'><strong>teram</strong></span> <span class='ocrx_word' id='word_1_29' title='bbox 1179 1148 1344 1199; x_wconf 87' lang='lat' dir='ltr'><strong>vero</strong></span> <span class='ocrx_word' id='word_1_30' title='bbox 1377 1173 1400 1204; x_wconf 91' lang='lat'><strong><em>,</em></strong></span> <span class='ocrx_word' id='word_1_31' title='bbox 1458 1125 1663 1198; x_wconf 89' lang='lat' dir='ltr'><strong>cuius</strong></span> <span class='ocrx_word' id='word_1_32' title='bbox 1722 1125 1922 1214; x_wconf 81' lang='lat' dir='ltr'><strong>origo</strong></span> <span class='ocrx_word' id='word_1_33' title='bbox 1976 1145 2183 1215; x_wconf 75' lang='lat' dir='ltr'><strong>supra</strong></span> <span class='ocrx_word' id='word_1_34' title='bbox 2242 1131 2569 1195; x_wconf 74' lang='lat' dir='ltr'><strong>naturam</strong></span> <span class='ocrx_word' id='word_1_35' title='bbox 2620 1131 2731 1192; x_wconf 79' lang='lat' dir='ltr'><strong>est</strong></span> <span class='ocrx_word' id='word_1_36' title='bbox 2760 1169 2781 1208; x_wconf 89' lang='lat'><strong>,</strong></span> <span class='ocrx_word' id='word_1_37' title='bbox 2836 1141 3045 1214; x_wconf 80' lang='lat' dir='ltr'><strong>quae</strong></span> 
     </span>
     <span class='ocr_line' id='line_1_6' title="bbox 895 1234 3041 1344; baseline -0.004 -24"><span class='ocrx_word' id='word_1_38' title='bbox 895 1235 1176 1344; x_wconf 74' lang='lat' dir='ltr'><strong>praeest</strong></span> <span class='ocrx_word' id='word_1_39' title='bbox 1229 1245 1503 1317; x_wconf 83' lang='lat' dir='ltr'><strong>civitati</strong></span> <span class='ocrx_word' id='word_1_40' title='bbox 1559 1240 1690 1316; x_wconf 87' lang='lat' dir='ltr'><strong>Dei</strong></span> <span class='ocrx_word' id='word_1_41' title='bbox 1728 1288 1748 1328; x_wconf 89' lang='lat'>,</span> <span class='ocrx_word' id='word_1_42' title='bbox 1810 1246 2142 1316; x_wconf 87' lang='lat' dir='ltr'><strong>nimirum</strong></span> <span class='ocrx_word' id='word_1_43' title='bbox 2201 1239 2559 1317; x_wconf 78' lang='lat' dir='ltr'><strong>Ecclesiae</strong></span> <span class='ocrx_word' id='word_1_44' title='bbox 2610 1234 2871 1312; x_wconf 89' lang='lat' dir='ltr'><strong>Christi</strong></span> <span class='ocrx_word' id='word_1_45' title='bbox 2934 1242 3041 1314; x_wconf 78' lang='lat' dir='ltr'><strong>ad</strong></span> 
     </span>
     <span class='ocr_line' id='line_1_7' title="bbox 895 1362 3045 1467; baseline -0.002 -26"><span class='ocrx_word' id='word_1_46' title='bbox 895 1388 1140 1467; x_wconf 81' lang='lat' dir='ltr'><strong>pacem</strong></span> <span class='ocrx_word' id='word_1_47' title='bbox 1195 1365 1582 1438; x_wconf 81' lang='lat' dir='ltr'><strong>animarum</strong></span> <span class='ocrx_word' id='word_1_48' title='bbox 1638 1375 1716 1437; x_wconf 89' lang='lat' dir='ltr'><strong>et</strong></span> <span class='ocrx_word' id='word_1_49' title='bbox 1770 1367 2073 1437; x_wconf 80' lang='lat' dir='ltr'><strong>salutem</strong></span> <span class='ocrx_word' id='word_1_50' title='bbox 2130 1377 2487 1436; x_wconf 72' lang='lat' dir='ltr'><strong>aeternam</strong></span> <span class='ocrx_word' id='word_1_51' title='bbox 2524 1362 2869 1435; x_wconf 86' lang='lat' dir='ltr'><strong>divinitus</strong></span> <span class='ocrx_word' id='word_1_52' title='bbox 2906 1363 3045 1436; x_wconf 84' lang='lat' dir='ltr'><strong>in-</strong></span> 
     </span>
     <span class='ocr_line' id='line_1_8' title="bbox 891 1479 3041 1576; baseline -0.002 -16"><span class='ocrx_word' id='word_1_53' title='bbox 891 1490 1170 1568; x_wconf 77' lang='lat' dir='ltr'><strong>stituta.</strong></span> <span class='ocrx_word' id='word_1_54' title='bbox 1213 1479 1402 1556; x_wconf 82' lang='lat' dir='ltr'><strong>Haec</strong></span> <span class='ocrx_word' id='word_1_55' title='bbox 1441 1496 1676 1559; x_wconf 81' lang='lat' dir='ltr'><strong>autem</strong></span> <span class='ocrx_word' id='word_1_56' title='bbox 1716 1485 2021 1576; x_wconf 88' lang='lat' dir='ltr'><strong>duplicis</strong></span> <span class='ocrx_word' id='word_1_57' title='bbox 2062 1484 2427 1576; x_wconf 82' lang='lat' dir='ltr'><strong>potestatis</strong></span> <span class='ocrx_word' id='word_1_58' title='bbox 2469 1485 2697 1556; x_wconf 78' lang='lat' dir='ltr'><strong>officia</strong></span> <span class='ocrx_word' id='word_1_59' title='bbox 2742 1483 3041 1575; x_wconf 78' lang='lat' dir='ltr'><strong>sapien-</strong></span> 
     </span>
     <span class='ocr_line' id='line_1_9' title="bbox 897 1593 3037 1697; baseline -0.002 -15"><span class='ocrx_word' id='word_1_60' title='bbox 897 1593 1544 1682; x_wconf 56' lang='lat' dir='ltr'><strong>tissime&#39;ordinnta</strong></span> <span class='ocrx_word' id='word_1_61' title='bbox 1602 1617 1796 1690; x_wconf 83' lang='lat' dir='ltr'><strong>sunt,</strong></span> <span class='ocrx_word' id='word_1_62' title='bbox 1856 1616 1934 1677; x_wconf 90' lang='lat' dir='ltr'><strong>ut</strong></span> <span class='ocrx_word' id='word_1_63' title='bbox 1990 1606 2379 1678; x_wconf 81' lang='lat' dir='ltr'><strong>reddantur</strong></span> <span class='ocrx_word' id='word_1_64' title='bbox 2432 1625 2610 1697; x_wconf 83' lang='lat' dir='ltr'><strong>quae</strong></span> <span class='ocrx_word' id='word_1_65' title='bbox 2668 1615 2836 1676; x_wconf 90' lang='lat' dir='ltr'><strong>sunt</strong></span> <span class='ocrx_word' id='word_1_66' title='bbox 2890 1600 3037 1677; x_wconf 89' lang='lat' dir='ltr'><strong>Dei</strong></span> 
     </span>
     <span class='ocr_line' id='line_1_10' title="bbox 898 1721 3036 1819; baseline -0.003 -17"><span class='ocrx_word' id='word_1_67' title='bbox 898 1725 1080 1812; x_wconf 88' lang='lat' dir='ltr'><strong>Deo,</strong></span> <span class='ocrx_word' id='word_1_68' title='bbox 1122 1739 1194 1800; x_wconf 91' lang='lat' dir='ltr'><strong>et</strong></span> <span class='ocrx_word' id='word_1_69' title='bbox 1253 1742 1541 1818; x_wconf 84' lang='lat' dir='ltr'><strong>propter</strong></span> <span class='ocrx_word' id='word_1_70' title='bbox 1595 1723 1816 1801; x_wconf 87' lang='lat' dir='ltr'><strong>Deum</strong></span> <span class='ocrx_word' id='word_1_71' title='bbox 1872 1747 2052 1819; x_wconf 81' lang='lat' dir='ltr'><strong>quae</strong></span> <span class='ocrx_word' id='word_1_72' title='bbox 2106 1737 2275 1801; x_wconf 85' lang='lat' dir='ltr'><strong>sunt</strong></span> <span class='ocrx_word' id='word_1_73' title='bbox 2322 1721 2647 1798; x_wconf 80' lang='lat' dir='ltr'><strong>Caesaris</strong></span> <span class='ocrx_word' id='word_1_74' title='bbox 2685 1721 2983 1797; x_wconf 77' lang='lat' dir='ltr'><strong>Caesari</strong></span> <span class='ocrx_word' id='word_1_75' title='bbox 3006 1747 3036 1814; x_wconf 89' lang='lat'>;</span> 
     </span>
     <span class='ocr_line' id='line_1_11' title="bbox 897 1843 3041 1944; baseline -0.001 -23"><span class='ocrx_word' id='word_1_76' title='bbox 897 1851 1020 1944; x_wconf 87' lang='lat' dir='ltr'><strong>qui</strong></span> <span class='ocrx_word' id='word_1_77' title='bbox 1077 1844 1232 1920; x_wconf 85' lang='lat' dir='ltr'><strong>ideo</strong></span> <span class='ocrx_word' id='word_1_78' title='bbox 1285 1868 1582 1942; x_wconf 77' lang='lat' dir='ltr'><strong>maynus</strong></span> <span class='ocrx_word' id='word_1_79' title='bbox 1633 1858 1767 1928; x_wconf 77' lang='lat' dir='ltr'><strong>est,</strong></span> <span class='ocrx_word' id='word_1_80' title='bbox 1822 1847 1997 1944; x_wconf 80' lang='lat' dir='ltr'><strong>quia</strong></span> <span class='ocrx_word' id='word_1_81' title='bbox 2050 1843 2243 1920; x_wconf 79' lang='lat' dir='ltr'><strong>caelo</strong></span> <span class='ocrx_word' id='word_1_82' title='bbox 2310 1844 2547 1920; x_wconf 78' lang='lat' dir='ltr'><strong>minor</strong></span> <span class='ocrx_word' id='word_1_83' title='bbox 2610 1857 2712 1918; x_wconf 75' lang='lat' dir='ltr'><strong>est</strong></span> <span class='ocrx_word' id='word_1_84' title='bbox 2736 1869 2771 1930; x_wconf 86' lang='lat'><strong>‚·</strong></span> <span class='ocrx_word' id='word_1_85' title='bbox 2828 1843 3041 1919; x_wconf 72' lang='lat' dir='ltr'><strong>illius</strong></span> 
     </span>
     <span class='ocr_line' id='line_1_12' title="bbox 901 1960 3037 2066; baseline 0 -26"><span class='ocrx_word' id='word_1_86' title='bbox 901 1967 1090 2040; x_wconf 83' lang='lat' dir='ltr'><strong>enim</strong></span> <span class='ocrx_word' id='word_1_87' title='bbox 1129 1967 1437 2066; x_wconf 51' lang='lat' dir='ltr'><strong>quipse,</strong></span> <span class='ocrx_word' id='word_1_88' title='bbox 1461 1966 1665 2058; x_wconf 66' lang='lat' dir='ltr'><strong>cuius</strong></span> <span class='ocrx_word' id='word_1_89' title='bbox 1701 1963 1990 2038; x_wconf 81' lang='lat' dir='ltr'><strong>caelum</strong></span> <span class='ocrx_word' id='word_1_90' title='bbox 2028 1979 2133 2040; x_wconf 78' lang='lat' dir='ltr'><strong>est</strong></span> <span class='ocrx_word' id='word_1_91' title='bbox 2168 1979 2235 2038; x_wconf 80' lang='lat' dir='ltr'><strong>et</strong></span> <span class='ocrx_word' id='word_1_92' title='bbox 2270 1966 2497 2041; x_wconf 78' lang='lat' dir='ltr'><strong>onmis</strong></span> <span class='ocrx_word' id='word_1_93' title='bbox 2532 1979 2865 2040; x_wconf 78' lang='lat' dir='ltr'><strong>creatura</strong></span> <span class='ocrx_word' id='word_1_94' title='bbox 2894 1960 3037 2066; x_wconf 80' lang='grc'>(1).</span> 
     </span>
     <span class='ocr_line' id='line_1_13' title="bbox 901 2086 3041 2190; baseline 0 -28"><span class='ocrx_word' id='word_1_95' title='bbox 901 2088 966 2190; x_wconf 73' lang='lat' dir='ltr'>A</span> <span class='ocrx_word' id='word_1_96' title='bbox 1021 2112 1161 2184; x_wconf 89' lang='lat' dir='ltr'><strong>quo</strong></span> <span class='ocrx_word' id='word_1_97' title='bbox 1225 2103 1420 2174; x_wconf 83' lang='lat' dir='ltr'><strong>certe</strong></span> <span class='ocrx_word' id='word_1_98' title='bbox 1469 2089 1719 2188; x_wconf 63' lang='lat' dir='ltr'><strong>⁴divino</strong></span> <span class='ocrx_word' id='word_1_99' title='bbox 1774 2092 2099 2162; x_wconf 79' lang='lat' dir='ltr'><strong>mandato</strong></span> <span class='ocrx_word' id='word_1_100' title='bbox 2156 2109 2511 2182; x_wconf 83' lang='lat' dir='ltr'><strong>nunquam</strong></span> <span class='ocrx_word' id='word_1_101' title='bbox 2564 2089 2856 2165; x_wconf 81' lang='lat' dir='ltr'><strong>deflexit</strong></span> <span class='ocrx_word' id='word_1_102' title='bbox 2890 2086 3041 2162; x_wconf 86' lang='lat' dir='ltr'><strong>Ee·-</strong></span> 
     </span>
     <span class='ocr_line' id='line_1_14' title="bbox 901 2211 3041 2304; baseline -0.001 -18"><span class='ocrx_word' id='word_1_103' title='bbox 901 2212 1139 2296; x_wconf 76' lang='lat' dir='ltr'><strong>clesia‚</strong></span> <span class='ocrx_word' id='word_1_104' title='bbox 1179 2231 1366 2303; x_wconf 80' lang='lat' dir='ltr'><strong>quae</strong></span> <span class='ocrx_word' id='word_1_105' title='bbox 1423 2231 1701 2302; x_wconf 83' lang='lat' dir='ltr'><strong>semper</strong></span> <span class='ocrx_word' id='word_1_106' title='bbox 1752 2220 1825 2282; x_wconf 88' lang='lat' dir='ltr'><strong>et</strong></span> <span class='ocrx_word' id='word_1_107' title='bbox 1882 2211 2143 2304; x_wconf 84' lang='lat' dir='ltr'><strong>ubique</strong></span> <span class='ocrx_word' id='word_1_108' title='bbox 2182 2211 2495 2284; x_wconf 83' lang='lat' dir='ltr'><strong>fidelium</strong></span> <span class='ocrx_word' id='word_1_109' title='bbox 2550 2231 2843 2284; x_wconf 87' lang='lat' dir='ltr'><strong>suorum</strong></span> <span class='ocrx_word' id='word_1_110' title='bbox 2882 2215 3041 2284; x_wconf 82' lang='lat' dir='ltr'><strong>ani-</strong></span> 
     </span>
     <span class='ocr_line' id='line_1_15' title="bbox 901 2330 3044 2424; baseline -0.001 -20"><span class='ocrx_word' id='word_1_111' title='bbox 901 2333 1032 2404; x_wconf 87' lang='lat' dir='ltr'><strong>mis</strong></span> <span class='ocrx_word' id='word_1_112' title='bbox 1103 2333 1424 2421; x_wconf 80' lang='lat' dir='ltr'><strong>ingerere</strong></span> <span class='ocrx_word' id='word_1_113' title='bbox 1481 2331 1847 2404; x_wconf 78' lang='lat' dir='ltr'><strong>contendit</strong></span> <span class='ocrx_word' id='word_1_114' title='bbox 1902 2331 2313 2424; x_wconf 83' lang='lat' dir='ltr'><strong>obsequium</strong></span> <span class='ocrx_word' id='word_1_115' title='bbox 2344 2379 2366 2416; x_wconf 91' lang='lat'><strong>,</strong></span> <span class='ocrx_word' id='word_1_116' title='bbox 2422 2330 2609 2421; x_wconf 82' lang='lat' dir='ltr'><strong>quod</strong></span> <span class='ocrx_word' id='word_1_117' title='bbox 2665 2331 3044 2404; x_wconf 74' lang='lat' dir='ltr'><strong>inviolabi-</strong></span> 
     </span>
     <span class='ocr_line' id='line_1_16' title="bbox 901 2448 3045 2543; baseline -0 -18"><span class='ocrx_word' id='word_1_118' title='bbox 901 2453 1074 2525; x_wconf 83' lang='lat' dir='ltr'><strong>liter</strong></span> <span class='ocrx_word' id='word_1_119' title='bbox 1112 2472 1400 2522; x_wconf 76' lang='lat' dir='ltr'><strong>servare</strong></span> <span class='ocrx_word' id='word_1_120' title='bbox 1439 2452 1699 2522; x_wconf 86' lang='lat' dir='ltr'><strong>dehent</strong></span> <span class='ocrx_word' id='word_1_121' title='bbox 1736 2473 1897 2541; x_wconf 79' lang='lat' dir='ltr'><strong>erga</strong></span> <span class='ocrx_word' id='word_1_122' title='bbox 1938 2472 2302 2543; x_wconf 78' lang='lat' dir='ltr'><strong>supremos</strong></span> <span class='ocrx_word' id='word_1_123' title='bbox 2332 2448 2723 2543; x_wconf 85' lang='lat' dir='ltr'><strong>Principes,</strong></span> <span class='ocrx_word' id='word_1_124' title='bbox 2754 2471 3045 2524; x_wconf 87' lang='lat' dir='ltr'><strong>eorum-</strong></span> 
     </span>
     <span class='ocr_line' id='line_1_17' title="bbox 904 2567 3039 2667; baseline 0.001 -23"><span class='ocrx_word' id='word_1_125' title='bbox 904 2595 1038 2666; x_wconf 89' lang='lat' dir='ltr'><strong>que</strong></span> <span class='ocrx_word' id='word_1_126' title='bbox 1093 2573 1244 2648; x_wconf 79' lang='lat' dir='ltr'><strong>iurs</strong></span> <span class='ocrx_word' id='word_1_127' title='bbox 1315 2572 1541 2667; x_wconf 78' lang='lat' dir='ltr'><strong>quoad</strong></span> <span class='ocrx_word' id='word_1_128' title='bbox 1583 2573 1969 2645; x_wconf 78' lang='lat' dir='ltr'><strong>saecularia</strong></span> <span class='ocrx_word' id='word_1_129' title='bbox 2002 2593 2026 2659; x_wconf 81' lang='lat'>3</span> <span class='ocrx_word' id='word_1_130' title='bbox 2063 2573 2443 2664; x_wconf 82' lang='lat' dir='ltr'><strong>docuitque</strong></span> <span class='ocrx_word' id='word_1_131' title='bbox 2480 2593 2641 2645; x_wconf 86' lang='lat' dir='ltr'><strong>eum</strong></span> <span class='ocrx_word' id='word_1_132' title='bbox 2669 2567 3039 2664; x_wconf 79' lang='lat' dir='ltr'><strong>Apostolo,</strong></span> 
     </span>
     <span class='ocr_line' id='line_1_18' title="bbox 905 2690 3037 2787; baseline 0 -19"><span class='ocrx_word' id='word_1_133' title='bbox 905 2716 1056 2769; x_wconf 84' lang='lat' dir='ltr'><strong>esse</strong></span> <span class='ocrx_word' id='word_1_134' title='bbox 1091 2690 1451 2787; x_wconf 86' lang='lat' dir='ltr'><strong>Principes</strong></span> <span class='ocrx_word' id='word_1_135' title='bbox 1499 2713 1636 2765; x_wconf 91' lang='lat' dir='ltr'><strong>non</strong></span> <span class='ocrx_word' id='word_1_136' title='bbox 1682 2694 1916 2765; x_wconf 86' lang='lat' dir='ltr'><strong>timori</strong></span> <span class='ocrx_word' id='word_1_137' title='bbox 1956 2694 2121 2766; x_wconf 88' lang='lat' dir='ltr'><strong>boni</strong></span> <span class='ocrx_word' id='word_1_138' title='bbox 2156 2695 2383 2787; x_wconf 84' lang='lat' dir='ltr'><strong>operis</strong></span> <span class='ocrx_word' id='word_1_139' title='bbox 2414 2696 2537 2770; x_wconf 86' lang='lat' dir='ltr'><strong>sed</strong></span> <span class='ocrx_word' id='word_1_140' title='bbox 2566 2692 2753 2777; x_wconf 80' lang='lat' dir='ltr'><strong>mali,</strong></span> <span class='ocrx_word' id='word_1_141' title='bbox 2786 2695 3037 2767; x_wconf 87' lang='lat' dir='ltr'><strong>iubens</strong></span> 
     </span>
    </p>
   </div>
   <div class='ocr_carea' id='block_1_2' title="bbox 771 2814 3035 2910">
    <p class='ocr_par' dir='ltr' id='par_1_2' title="bbox 771 2814 3035 2910">
     <span class='ocr_line' id='line_1_19' title="bbox 771 2814 3035 2910; baseline 0.001 -21"><span class='ocrx_word' id='word_1_142' title='bbox 771 2850 778 2857; x_wconf 84' lang='lat'><strong>·</strong></span> <span class='ocrx_word' id='word_1_143' title='bbox 905 2814 1148 2889; x_wconf 85' lang='lat' dir='ltr'><strong>fideles</strong></span> <span class='ocrx_word' id='word_1_144' title='bbox 1211 2814 1524 2905; x_wconf 85' lang='lat' dir='ltr'><strong>subditos</strong></span> <span class='ocrx_word' id='word_1_145' title='bbox 1581 2833 1732 2885; x_wconf 85' lang='lat' dir='ltr'><strong>esse</strong></span> <span class='ocrx_word' id='word_1_146' title='bbox 1790 2834 1933 2904; x_wconf 81' lang='lat' dir='ltr'><strong>non</strong></span> <span class='ocrx_word' id='word_1_147' title='bbox 1992 2817 2217 2887; x_wconf 89' lang='lat' dir='ltr'><strong>solum</strong></span> <span class='ocrx_word' id='word_1_148' title='bbox 2273 2827 2558 2908; x_wconf 85' lang='lat' dir='ltr'><strong>propter</strong></span> <span class='ocrx_word' id='word_1_149' title='bbox 2612 2816 2821 2900; x_wconf 81' lang='lat' dir='ltr'><strong>iram,</strong></span> <span class='ocrx_word' id='word_1_150' title='bbox 2874 2816 3035 2910; x_wconf 73' lang='lat' dir='ltr'><strong>quia</strong></span> 
     </span>
    </p>
   </div>
   <div class='ocr_carea' id='block_1_3' title="bbox 893 2931 3055 4002">
    <p class='ocr_par' dir='ltr' id='par_1_3' title="bbox 893 2931 3055 4002">
     <span class='ocr_line' id='line_1_20' title="bbox 907 2931 3039 3031; baseline 0.002 -24"><span class='ocrx_word' id='word_1_151' title='bbox 907 2931 1240 3025; x_wconf 85' lang='lat' dir='ltr'><strong>Princeps</strong></span> <span class='ocrx_word' id='word_1_152' title='bbox 1297 2936 1590 3025; x_wconf 79' lang='lat' dir='ltr'><strong>gladium</strong></span> <span class='ocrx_word' id='word_1_153' title='bbox 1651 2945 1890 3026; x_wconf 77' lang='lat' dir='ltr'><strong>portat</strong></span> <span class='ocrx_word' id='word_1_154' title='bbox 1943 2936 2209 3007; x_wconf 82' lang='lat' dir='ltr'><strong>vindex</strong></span> <span class='ocrx_word' id='word_1_155' title='bbox 2264 2935 2333 3021; x_wconf 83' lang='lat' dir='ltr'><strong>in</strong></span> <span class='ocrx_word' id='word_1_156' title='bbox 2389 2938 2563 3009; x_wconf 82' lang='lat' dir='ltr'><strong>iram</strong></span> <span class='ocrx_word' id='word_1_157' title='bbox 2616 2939 2687 3009; x_wconf 91' lang='lat' dir='ltr'><strong>ei</strong></span> <span class='ocrx_word' id='word_1_158' title='bbox 2724 2938 2849 3031; x_wconf 87' lang='lat' dir='ltr'><strong>qui</strong></span> <span class='ocrx_word' id='word_1_159' title='bbox 2886 2960 3039 3011; x_wconf 76' lang='lat' dir='ltr'><strong>ma-</strong></span> 
     </span>
     <span class='ocr_line' id='line_1_21' title="bbox 903 3054 3033 3151; baseline 0 -23"><span class='ocrx_word' id='word_1_160' title='bbox 903 3056 1052 3129; x_wconf 88' lang='lat' dir='ltr'><strong>lum</strong></span> <span class='ocrx_word' id='word_1_161' title='bbox 1116 3054 1282 3147; x_wconf 78' lang='lat' dir='ltr'><strong>agit,</strong></span> <span class='ocrx_word' id='word_1_162' title='bbox 1343 3055 1466 3127; x_wconf 85' lang='lat' dir='ltr'><strong>sed</strong></span> <span class='ocrx_word' id='word_1_163' title='bbox 1519 3057 1733 3146; x_wconf 78' lang='lat' dir='ltr'><strong>etiam</strong></span> <span class='ocrx_word' id='word_1_164' title='bbox 1790 3067 2080 3147; x_wconf 85' lang='lat' dir='ltr'><strong>propter</strong></span> <span class='ocrx_word' id='word_1_165' title='bbox 2136 3055 2675 3143; x_wconf 73' lang='lat' dir='ltr'><strong>conscientium,</strong></span> <span class='ocrx_word' id='word_1_166' title='bbox 2730 3060 2897 3151; x_wconf 82' lang='lat' dir='ltr'><strong>quia</strong></span> <span class='ocrx_word' id='word_1_167' title='bbox 2962 3062 3033 3129; x_wconf 89' lang='lat' dir='ltr'><strong>in</strong></span> 
     </span>
     <span class='ocr_line' id='line_1_22' title="bbox 905 3170 3055 3277; baseline 0.001 -28"><span class='ocrx_word' id='word_1_168' title='bbox 905 3175 1142 3249; x_wconf 82' lang='lat' dir='ltr'><strong>officio</strong></span> <span class='ocrx_word' id='word_1_169' title='bbox 1199 3196 1327 3249; x_wconf 90' lang='lat' dir='ltr'><strong>suo</strong></span> <span class='ocrx_word' id='word_1_170' title='bbox 1383 3171 1510 3249; x_wconf 87' lang='lat' dir='ltr'><strong>Dei</strong></span> <span class='ocrx_word' id='word_1_171' title='bbox 1565 3178 1885 3248; x_wconf 83' lang='lat' dir='ltr'><strong>minister</strong></span> <span class='ocrx_word' id='word_1_172' title='bbox 1930 3189 2045 3249; x_wconf 80' lang='lat' dir='ltr'><strong>est</strong></span> <span class='ocrx_word' id='word_1_173' title='bbox 2098 3170 2235 3277; x_wconf 80' lang='lat'><strong>(2).</strong></span> <span class='ocrx_word' id='word_1_174' title='bbox 2292 3172 2501 3252; x_wconf 87' lang='lat' dir='ltr'><strong>Hunc</strong></span> <span class='ocrx_word' id='word_1_175' title='bbox 2556 3191 2785 3252; x_wconf 80' lang='lat' dir='ltr'><strong>autem</strong></span> <span class='ocrx_word' id='word_1_176' title='bbox 2838 3174 3055 3251; x_wconf 51' lang='lat' dir='ltr'><strong>Pruna</strong></span> 
     </span>
     <span class='ocr_line' id='line_1_23' title="bbox 905 3296 3033 3393; baseline 0.001 -24"><span class='ocrx_word' id='word_1_177' title='bbox 905 3296 1136 3387; x_wconf 86' lang='lat' dir='ltr'><strong>cipum</strong></span> <span class='ocrx_word' id='word_1_178' title='bbox 1195 3310 1472 3393; x_wconf 60' lang='lat' dir='ltr'><strong>metum</strong></span> <span class='ocrx_word' id='word_1_179' title='bbox 1515 3298 1667 3388; x_wconf 81' lang='lat' dir='ltr'><strong>ipsa</strong></span> <span class='ocrx_word' id='word_1_180' title='bbox 1724 3298 2041 3369; x_wconf 82' lang='lat' dir='ltr'><strong>cohibuit</strong></span> <span class='ocrx_word' id='word_1_181' title='bbox 2093 3298 2175 3369; x_wconf 77' lang='lat' dir='ltr'><strong>ad</strong></span> <span class='ocrx_word' id='word_1_182' title='bbox 2214 3320 2430 3390; x_wconf 82' lang='lat' dir='ltr'><strong>opera</strong></span> <span class='ocrx_word' id='word_1_183' title='bbox 2468 3299 2673 3383; x_wconf 80' lang='lat' dir='ltr'><strong>mala,</strong></span> <span class='ocrx_word' id='word_1_184' title='bbox 2714 3301 3033 3375; x_wconf 81' lang='lat' dir='ltr'><strong>eumdem</strong></span> 
     </span>
     <span class='ocr_line' id='line_1_24' title="bbox 903 3416 3035 3510; baseline 0.002 -23"><span class='ocrx_word' id='word_1_185' title='bbox 903 3416 1105 3508; x_wconf 80' lang='lat' dir='ltr'><strong>plane</strong></span> <span class='ocrx_word' id='word_1_186' title='bbox 1159 3418 1530 3509; x_wconf 78' lang='lat' dir='ltr'><strong>excludens</strong></span> <span class='ocrx_word' id='word_1_187' title='bbox 1585 3438 1625 3489; x_wconf 82' lang='lat' dir='ltr'><strong>a</strong></span> <span class='ocrx_word' id='word_1_188' title='bbox 1684 3418 1967 3489; x_wconf 82' lang='lat' dir='ltr'><strong>divinae</strong></span> <span class='ocrx_word' id='word_1_189' title='bbox 2022 3417 2189 3510; x_wconf 82' lang='lat' dir='ltr'><strong>legis</strong></span> <span class='ocrx_word' id='word_1_190' title='bbox 2245 3418 2725 3503; x_wconf 81' lang='lat' dir='ltr'><strong>observantia,</strong></span> <span class='ocrx_word' id='word_1_191' title='bbox 2766 3440 3035 3495; x_wconf 84' lang='lat' dir='ltr'><strong>memor</strong></span> 
     </span>
     <span class='ocr_line' id='line_1_25' title="bbox 893 3530 3033 3633; baseline 0 -21"><span class='ocrx_word' id='word_1_192' title='bbox 893 3538 1056 3617; x_wconf 78' lang='lat' dir='ltr'><strong>,eius</strong></span> <span class='ocrx_word' id='word_1_193' title='bbox 1094 3538 1280 3633; x_wconf 87' lang='lat' dir='ltr'><strong>qnod</strong></span> <span class='ocrx_word' id='word_1_194' title='bbox 1319 3536 1555 3611; x_wconf 83' lang='lat' dir='ltr'><strong>fideles</strong></span> <span class='ocrx_word' id='word_1_195' title='bbox 1595 3538 1834 3629; x_wconf 75' lang='lat' dir='ltr'><strong>docuit</strong></span> <span class='ocrx_word' id='word_1_196' title='bbox 1860 3538 2113 3609; x_wconf 76' lang='lat' dir='ltr'><strong>heatus</strong></span> <span class='ocrx_word' id='word_1_197' title='bbox 2134 3530 2433 3614; x_wconf 87' lang='lat' dir='ltr'><strong>Petrus:</strong></span> <span class='ocrx_word' id='word_1_198' title='bbox 2479 3560 2683 3611; x_wconf 79' lang='lat' dir='ltr'><strong>nemo</strong></span> <span class='ocrx_word' id='word_1_199' title='bbox 2724 3552 3033 3613; x_wconf 71' lang='lat' dir='ltr'><strong>vestrum</strong></span> 
     </span>
     <span class='ocr_line' id='line_1_26' title="bbox 895 3654 3033 3755; baseline 0.001 -26"><span class='ocrx_word' id='word_1_200' title='bbox 895 3657 1224 3755; x_wconf 73' lang='lat' dir='ltr'><strong>patiatur·</strong></span> <span class='ocrx_word' id='word_1_201' title='bbox 1275 3669 1356 3727; x_wconf 83' lang='lat' dir='ltr'><strong>ut</strong></span> <span class='ocrx_word' id='word_1_202' title='bbox 1410 3654 1789 3743; x_wconf 82' lang='lat' dir='ltr'><strong>homicida,</strong></span> <span class='ocrx_word' id='word_1_203' title='bbox 1842 3669 1969 3729; x_wconf 74' lang='lat' dir='ltr'><strong>am</strong></span> <span class='ocrx_word' id='word_1_204' title='bbox 2020 3656 2175 3754; x_wconf 77' lang='lat' dir='ltr'><strong>fur,</strong></span> <span class='ocrx_word' id='word_1_205' title='bbox 2230 3670 2381 3731; x_wconf 80' lang='lat' dir='ltr'><strong>aut·</strong></span> <span class='ocrx_word' id='word_1_206' title='bbox 2414 3656 2811 3735; x_wconf 53' lang='lat' dir='ltr'><strong>maledicus</strong></span> <span class='ocrx_word' id='word_1_207' title='bbox 2838 3710 2859 3739; x_wconf 82' lang='lat'>‚</span> <span class='ocrx_word' id='word_1_208' title='bbox 2912 3674 3033 3735; x_wconf 75' lang='lat' dir='ltr'><strong>aut</strong></span> 
     </span>
     <span class='ocr_line' id='line_1_27' title="bbox 903 3773 3031 3875; baseline 0.003 -28"><span class='ocrx_word' id='word_1_209' title='bbox 903 3773 1298 3863; x_wconf 79' lang='lat' dir='ltr'><strong>alienorum</strong></span> <span class='ocrx_word' id='word_1_210' title='bbox 1355 3777 1707 3875; x_wconf 78' lang='lat' dir='ltr'><strong>appetitor</strong></span> <span class='ocrx_word' id='word_1_211' title='bbox 1738 3799 1769 3859; x_wconf 90' lang='lat'><strong>‚·</strong></span> <span class='ocrx_word' id='word_1_212' title='bbox 1825 3778 1889 3872; x_wconf 75' lang='lat' dir='ltr'><strong>si</strong></span> <span class='ocrx_word' id='word_1_213' title='bbox 1940 3790 2177 3849; x_wconf 77' lang='lat' dir='ltr'><strong>autem</strong></span> <span class='ocrx_word' id='word_1_214' title='bbox 2230 3791 2310 3852; x_wconf 78' lang='lat' dir='ltr'><strong>ut</strong></span> <span class='ocrx_word' id='word_1_215' title='bbox 2374 3776 2839 3861; x_wconf 78' lang='lat' dir='ltr'><strong>christianus,</strong></span> <span class='ocrx_word' id='word_1_216' title='bbox 2896 3804 3031 3853; x_wconf 74' lang='lat' dir='ltr'><strong>non</strong></span> 
     </span>
     <span class='ocr_line' id='line_1_28' title="bbox 907 3894 3019 4002; baseline 0.004 -35"><span class='ocrx_word' id='word_1_217' title='bbox 907 3895 1296 3981; x_wconf 76' lang='lat' dir='ltr'><strong>erubescat,</strong></span> <span class='ocrx_word' id='word_1_218' title='bbox 1329 3894 1673 3994; x_wconf 72' lang='lat' dir='ltr'><strong>qlorificet</strong></span> <span class='ocrx_word' id='word_1_219' title='bbox 1706 3910 1943 3974; x_wconf 80' lang='lat' dir='ltr'><strong>autem</strong></span> <span class='ocrx_word' id='word_1_220' title='bbox 1982 3896 2215 3973; x_wconf 85' lang='lat' dir='ltr'><strong>Deum</strong></span> <span class='ocrx_word' id='word_1_221' title='bbox 2250 3899 2327 3971; x_wconf 79' lang='lat' dir='ltr'><strong>in</strong></span> <span class='ocrx_word' id='word_1_222' title='bbox 2380 3899 2513 3973; x_wconf 77' lang='lat' dir='ltr'><strong>isto</strong></span> <span class='ocrx_word' id='word_1_223' title='bbox 2560 3902 2849 3975; x_wconf 75' lang='lat' dir='ltr'><strong>nomine</strong></span> <span class='ocrx_word' id='word_1_224' title='bbox 2886 3894 3019 4002; x_wconf 83' lang='lat'>(3).</span> 
     </span>
    </p>
   </div>
   <div class='ocr_carea' id='block_1_4' title="bbox 1067 4194 2114 4382">
    <p class='ocr_par' dir='ltr' id='par_1_4' title="bbox 1067 4194 2114 4382">
     <span class='ocr_line' id='line_1_29' title="bbox 1067 4194 2114 4287; baseline 0.001 -20"><span class='ocrx_word' id='word_1_225' title='bbox 1067 4196 1148 4285; x_wconf 85' lang='lat'><strong>(1)</strong></span> <span class='ocrx_word' id='word_1_226' title='bbox 1193 4196 1468 4267; x_wconf 85' lang='lat' dir='ltr'><strong>Tertull.</strong></span> <span class='ocrx_word' id='word_1_227' title='bbox 1520 4198 1777 4286; x_wconf 76' lang='lat' dir='ltr'><strong>apolog.</strong></span> <span class='ocrx_word' id='word_1_228' title='bbox 1826 4218 1968 4287; x_wconf 78' lang='lat' dir='ltr'><strong>cap.</strong></span> <span class='ocrx_word' id='word_1_229' title='bbox 2012 4194 2114 4272; x_wconf 82' lang='lat'><strong>30.</strong></span> 
     </span>
     <span class='ocr_line' id='line_1_30' title="bbox 1067 4295 1843 4382; baseline 0 -19"><span class='ocrx_word' id='word_1_230' title='bbox 1067 4296 1148 4378; x_wconf 77' lang='lat'><strong>(2)</strong></span> <span class='ocrx_word' id='word_1_231' title='bbox 1187 4296 1380 4363; x_wconf 86' lang='lat' dir='ltr'><strong>Rom.</strong></span> <span class='ocrx_word' id='word_1_232' title='bbox 1423 4295 1528 4379; x_wconf 77' lang='lat'><strong>13,</strong></span> <span class='ocrx_word' id='word_1_233' title='bbox 1553 4298 1617 4363; x_wconf 84' lang='lat'><strong>3.</strong></span> <span class='ocrx_word' id='word_1_234' title='bbox 1661 4316 1843 4382; x_wconf 84' lang='lat' dir='ltr'><strong>seqq.</strong></span> 
     </span>
    </p>
   </div>
   <div class='ocr_carea' id='block_1_5' title="bbox 1051 4400 1818 4487">
    <p class='ocr_par' dir='ltr' id='par_1_5' title="bbox 1051 4400 1818 4487">
     <span class='ocr_line' id='line_1_31' title="bbox 1051 4400 1818 4487; baseline -0.016 0"><span class='ocrx_word' id='word_1_235' title='bbox 1051 4400 1150 4487; x_wconf 57' lang='grc'><strong>(3)</strong></span> <span class='ocrx_word' id='word_1_236' title='bbox 1192 4403 1221 4469; x_wconf 93' lang='lat'>1</span> <span class='ocrx_word' id='word_1_237' title='bbox 1261 4404 1438 4484; x_wconf 65' lang='lat' dir='ltr'><strong>Petr·</strong></span> <span class='ocrx_word' id='word_1_238' title='bbox 1484 4404 1548 4487; x_wconf 74' lang='lat'><strong>4,</strong></span> <span class='ocrx_word' id='word_1_239' title='bbox 1571 4404 1673 4478; x_wconf 76' lang='grc'><strong>14.</strong></span> <span class='ocrx_word' id='word_1_240' title='bbox 1716 4404 1818 4475; x_wconf 79' lang='lat'><strong>15.</strong></span> 
     </span>
    </p>
   </div>
   <div class='ocr_carea' id='block_1_6' title="bbox 3242 679 3248 1726">
    <p class='ocr_par' dir='ltr' id='par_1_6' title="bbox 3242 679 3248 1726">
     <span class='ocr_line' id='line_1_32' title="bbox 3242 679 3248 1726; baseline 0 0"><span class='ocrx_word' id='word_1_241' title='bbox 3242 679 3248 1726; x_wconf 95' lang='lat' dir='ltr'><strong> </strong></span> 
     </span>
    </p>
   </div>
   <div class='ocr_carea' id='block_1_7' title="bbox 3243 1967 3247 2923">
    <p class='ocr_par' dir='ltr' id='par_1_7' title="bbox 3243 1967 3247 2923">
     <span class='ocr_line' id='line_1_33' title="bbox 3243 1967 3247 2923; baseline 0 0"><span class='ocrx_word' id='word_1_242' title='bbox 3243 1967 3247 2923; x_wconf 95' lang='lat' dir='ltr'><strong> </strong></span> 
     </span>
    </p>
   </div>
  </div>
 </body>
</html>
