3292 5275
2276 468 2436 553 407

397 606 619 669 cidisse
658 622 831 669 nune
860 614 931 671 ut
957 606 1020 671 in
1048 607 1487 687 suprascripta
1526 605 1962 669 ecclesiastica
2001 603 2280 669 Provin-

392 702 537 775 cia,
581 707 645 761 et
684 700 1085 779 potissimum
1148 702 1212 761 in
1272 699 1537 779 finitima
1581 697 1943 762 Chelmensi
1991 698 2274 761 dioecesi

395 795 563 856 inter
602 790 967 857 Catholicos
1010 790 1577 857 Graeco-Rutheni
1620 794 1782 855 ritus
1844 792 1996 855 licet
2035 792 2105 854 in
2149 790 2283 853 cle·-

397 888 583 950 ricali
628 886 853 951 ordine
878 888 1259 951 constitutos
1286 888 1471 951 novis
1500 888 1692 951 rebus
1733 886 2062 950 studentes
2105 886 2272 949 acris

396 984 831 1045 controversia
876 988 1103 1045 exorta
1146 983 1357 1045 denuo
1400 981 1597 1044 fuerit
1634 981 1713 1043 de
1754 997 1938 1043 sacra
1982 977 2277 1058 Liturgia

396 1077 887 1141 immemorabili
931 1094 1054 1139 usu
1080 1076 1363 1156 legitime
1390 1083 1676 1155 recepta,
1719 1092 1992 1157 eamque
2038 1074 2268 1135 immu-

394 1176 533 1233 tare
554 1171 674 1250 ipsi
706 1179 944 1233 temere
974 1177 1358 1251 pertentent.
1394 1168 1820 1232 Miseri-imam
1852 1166 2162 1232 Chelmen
2179 1169 2268 1231 sis

396 1262 703 1327 dioecesis
744 1264 1169 1330 conditionem
1212 1262 1557 1343 deplorans
1586 1306 1609 1341 ,
1667 1269 1888 1325 narrat
1935 1279 2132 1344 quam
2197 1280 2270 1325 se
2405 1284 2410 1291 ·

390 1358 662 1420 sceleste
718 1359 987 1438 gesserit
1017 1357 1768 1438 pseudo-administrator
1816 1357 1880 1419 in
1923 1373 2039 1437 psa
2085 1356 2266 1417 dioe-

397 1451 569 1529 cesi,
622 1469 812 1532 quem
876 1450 1227 1531 episcopali
1292 1468 1559 1512 munere
1622 1450 1950 1530 indignum
2014 1450 2276 1530 iampri-

396 1544 539 1606 dem
579 1542 875 1607 Pontifex
918 1544 1327 1606 existimavit.
1376 1540 1505 1619 Qui
1546 1544 1806 1623 quidem
1847 1542 2272 1605 circularibus

396 1636 655 1701 Litteris
680 1638 805 1701 diei
832 1634 915 1701 20
942 1639 1223 1700 octobris
1250 1639 1399 1701 anni
1426 1633 1583 1701 1873
1612 1637 1808 1701 divini
1839 1636 2056 1699 cultus
2082 1653 2278 1699 exer-

398 1732 619 1794 citium
658 1748 1037 1812 sacramque
1076 1731 1406 1811 liturgiam
1435 1732 1743 1793 innovare
1768 1732 1964 1794 audet
1999 1748 2075 1791 ea
2097 1748 2275 1793 men-

400 1832 461 1888 te
486 1868 505 1901 ‚
554 1834 629 1887 ut
680 1826 744 1887 in
800 1825 1119 1888 catholica
1166 1822 1529 1889 Chelmensi
1584 1826 1862 1889 dioecesi
1915 1824 2270 1887 schismati·

398 1936 620 1983 corum
666 1920 927 1999 liturgia
971 1919 1335 1983 inducatur.
1384 1917 1553 1983 Dum
1611 1916 1920 2000 quidquid
1974 1919 2040 1981 in
2083 1934 2274 1998 prae-

399 2013 608 2077 citatis
646 2013 881 2076 litteris
920 2013 999 2075 de
1042 2031 1112 2077 re
1154 2014 1456 2093 liturgica
1496 2013 1882 2093 disponitur,
1913 2012 2172 2076 nullum
2213 2016 2282 2075 et

398 2108 653 2171 irritum
702 2105 1095 2183 declaratur,
1136 2108 1414 2171 ostendit
1442 2106 1740 2172 Pontifex
1783 2106 2278 2171 cavillationum

308 2213 317 2221 ·
396 2201 705 2264 insaniam
748 2201 1579 2283 pseudo-administratoris.
1634 2200 2017 2265 Admirabili
2069 2208 2282 2263 tamen

398 2296 634 2377 gaudet
652 2296 1005 2360 constantia
1038 2294 1488 2359 Ruthemrum
1512 2294 1909 2359 Cheimensis
1943 2295 2278 2375 dioecesis,

399 2390 511 2473 qui
552 2390 801 2470 iniquas
830 2389 1635 2471 pseudo-administratoris
1666 2391 2109 2455 innovationes
2165 2409 2269 2455 re-

396 2484 639 2547 iiciunt.
686 2481 817 2547 Pro
844 2483 1021 2545 illius
1050 2484 1355 2547 dioecesis
1384 2486 1746 2548 errantibus
1771 2482 1986 2549 Deum
2025 2492 2286 2563 exorat,

398 2578 967 2660 gravissimamque
1006 2576 1339 2659 Liturgiae
1398 2598 1535 2643 rem
1575 2577 2030 2647 lintheum-um
2085 2580 2275 2646 Anti-

396 2671 649 2736 stitibus
688 2689 1097 2754 summopere
1140 2675 1542 2740 commendat
1681 2719 1700 2736 .
1869 2721 1884 2738 .
2049 2721 2069 2740 .
2235 2697 2270 2736 a
2307 2669 2428 2742 316

319 2857 668 2926 Decretum
712 2860 775 2924 S.
822 2861 1347 2943 congregationis
1401 2853 1678 2926 Concilii
1720 2895 1803 2910 -
1845 2865 2102 2930 actuosi
2157 2863 2288 2928 ini·

397 2975 670 3038 quarum
706 2964 1017 3020 sectarum
1053 2958 1313 3020 auceiae
1354 2990 1430 3006 -·-
1466 2955 1547 3022 23
1586 2959 1759 3020 maii.
1807 2955 2276 3022 Ecclesiasticis

401 3047 755 3113 Provinciis
816 3047 1105 3114 Venetae
1168 3067 1245 3112 ac
1307 3049 1818 3132 Mediolanensi,
1881 3052 2282 3133 singulisque

397 3140 794 3208 dioecesibus
837 3139 1266 3206 Patriarchali
1319 3161 1395 3207 ac
1437 3143 1988 3226 Metropolitanae
2031 3144 2289 3208 iurisdi-

398 3237 595 3300 ctioni
634 3237 939 3300 subiectis
978 3237 1204 3301 eadem
1234 3239 1603 3318 applicatur
1628 3240 1766 3317 lex,
1789 3257 1956 3320 quae
1981 3257 2100 3320 pro
2121 3238 2282 3304 Hel·

398 3330 607 3394 vetica
656 3327 1121 3412 foederatione
1160 3331 1295 3394 lata
1338 3331 1460 3396 fnit
1498 3331 1577 3396 de
1604 3333 1910 3412 populari
1950 3331 2276 3396 Parocho-

400 3441 545 3486 rum
586 3423 904 3490 electione
949 3469 965 3486 .
1136 3467 1151 3485 .
1323 3469 1339 3488 .
1508 3469 1527 3486 .
1695 3471 1712 3486 .
1877 3471 1897 3490 .
2065 3471 2082 3488 .
2247 3450 2284 3490 n
2321 3423 2444 3492 324

321 3605 669 3674 Decretum
713 3607 1192 3676 ConsistoriaIe.
1258 3611 1619 3678 Bisontina.
1681 3611 2119 3695 Separationis
2163 3612 2290 3679 Ee-

398 3703 745 3787 clesiarum
787 3703 1339 3786 suffraganearum
1370 3705 1886 3788 Strashurgensis
1919 3715 2118 3790 atque
2149 3707 2290 3774 Me-

399 3798 590 3860 tensis
612 3805 689 3860 ut
706 3795 769 3862 S.
782 3795 929 3860 Sedi
954 3797 1367 3879 Apostolicae
1389 3801 1756 3866 immediate
1775 3802 2279 3868 subsint—Bam

398 3887 465 3952 in
490 3888 931 3957 Ecclesiastico
961 3890 1319 3958 Provincia
1348 3892 1700 3959 Bisumina
1720 3928 1800 3942 -
1822 3896 1928 3960 die
1949 3894 2030 3964 14
2057 3900 2216 3964 iunii
2249 3919 2284 3958 »
2323 3895 2447 3966 327

320 4073 562 4140 Simile.
608 4075 952 4156 Metensis,
996 4077 1429 4163 Nanceyensis
1492 4089 1559 4146 et
1609 4081 1958 4166 Tullensis,
2001 4103 2120 4149 nec
2159 4104 2290 4151 non

400 4167 465 4234 S.
499 4169 802 4251 Deodati,
843 4173 1235 4255 insuperque
1278 4175 1764 4256 Argentinensis
1806 4197 1924 4244 seu
1955 4177 2291 4246 strasbur-

397 4267 605 4347 gensis
646 4267 713 4330 in
754 4267 1006 4332 Atsatia
1054 4267 1331 4338 Lorena.
1368 4269 2023 4340 Dismembrationum
2065 4282 2134 4340 et
2171 4293 2290 4360 po·-
