3292 5275
2154 532 2161 539 ·
2270 484 2423 571 117

305 636 516 712 clesia
565 632 838 727 viguit:
897 652 1144 707 verum
1205 654 1241 703 α
1285 652 1450 704 cum
1515 631 1897 705 continuae
1948 631 2427 709 excitarentur

301 756 716 843 discordiae,
753 756 1121 836 tumultuS,
1163 754 1578 845 caeterique
1617 750 1907 838 abusus,
1944 755 2259 846 oportuit
2304 771 2429 847 po*—

301 878 538 973 pulum
599 877 682 949 ab
755 875 1210 949 electionibus
1275 894 1644 947 removere
1680 920 1702 958 ,
1762 871 2053 967 eiusque
2106 874 2427 949 testimo-

301 1002 494 1073 nium
546 1010 620 1072 et
671 996 1104 1071 desiderium
1143 997 1328 1067 circa
1365 1014 1618 1086 person
1629 1012 1747 1064 am
1781 994 2171 1087 eligendam
2219 993 2431 1086 prae-

299 1122 544 1195 terite.
602 1114 726 1192 Uti
779 1118 984 1191 enim·
1021 1112 1096 1189 S.
1138 1110 1614 1207 Hieronymus
1666 1104 1771 1213 (1)
1810 1114 2113 1188 advertit
2178 1140 2212 1187 ι
2255 1116 2433 1189 n'nn-

309 1264 348 1313 n
411 1260 796 1335 numquam
847 1253 1040 1313 errat
1094 1236 1322 1331 plebis
1384 1236 1731 1329 vulgique
1778 1236 2121 1311 iudicium
2152 1284 2173 1322 ,
2228 1248 2305 1311 et
2356 1236 2431 1309 in

312 1384 347 1435 κ
409 1360 892 1435 sacerdotibus
931 1356 1478 1451 comprobandis
1535 1354 2029 1453 unusquisque
2082 1356 2231 1449 suis
2252 1416 2260 1425 .
2282 1356 2435 1432 moss-

313 1504 350 1553 n
413 1484 606 1555 ribus
658 1483 850 1576 favet
873 1527 900 1561 ‚
953 1490 1034 1551 ut
1089 1500 1233 1552 non
1287 1488 1430 1549 tam
1483 1476 1749 1549 bonum
1804 1498 2016 1572 quam
2070 1479 2187 1553 sui
2240 1480 2435 1553 simi-

315 1626 352 1675 »
413 1604 554 1675 lem
603 1612 898 1697 quaerat
951 1600 1457 1693 praepositum.
1503 1620 1540 1667 »

335 1792 344 1800 .
413 1712 542 1797 28.
597 1717 830 1795 Nihilo
881 1730 1124 1795 tamen
1191 1720 1426 1793 minus
1485 1714 1630 1793 Nos
1658 1768 1683 1807 ,
1740 1720 1815 1791 in
1878 1720 2233 1794 electionis
2286 1740 2437 1795 me-

308 1844 522 1919 thodo
575 1842 1140 1936 praestituenda,
1193 1841 1490 1916 liberam
1573 1842 1999 1935 reliquimus
2072 1844 2207 1936 ipsi
2262 1838 2441 1937 Epi-

311 1985 676 2059 scoporum
729 1964 998 2058 synodo
1035 1964 1440 2035 facultatem
1479 1960 1567 2035 de
1605 1960 1901 2035 dotibus
1950 1963 2437 2054 eligendorum

311 2106 398 2159 ea
447 2107 588 2178 qua
642 2084 864 2177 magis
918 2085 1184 2157 vellent
1229 2082 1500 2155 ratione
1555 2082 2001 2176 exquirendi,
2056 2095 2437 2175 provocato

313 2205 530 2279 etiam
581 2206 640 2279 si
693 2205 794 2279 ita
847 2204 1126 2277 luberet
1205 2204 1430 2296 plebis
1521 2202 1949 2277 testimonio.
2008 2198 2105 2277 Et
2158 2226 2235 2276 re
2290 2205 2442 2299 qui·-

311 2325 474 2399 dem
526 2346 698 2399 vcra
750 2327 966 2402 etiam
1023 2336 1179 2416 post
1261 2323 1528 2397 editam
1585 2318 1913 2397 Nostram
1966 2322 2439 2399 Constitutio-

313 2466 478 2519 nem
531 2446 962 2539 exquisitum
1017 2442 1192 2517 illud
1245 2444 1462 2519 fuisse
1519 2446 1612 2517 ab
1670 2442 2031 2519 Armeniis
2083 2441 2441 2520 Praesuli-

311 2568 473 2655 bus,
529 2588 688 2644 cum
741 2578 1070 2662 ageretur
1107 2566 1193 2640 de
1231 2565 1556 2658 eligendo
1594 2578 1765 2641 ante
1810 2580 1949 2642 tres
2002 2572 2227 2642 annos
2262 2564 2445 2663 Epi-

313 2711 528 2783 scopo
583 2711 709 2783 pro
767 2689 1170 2780 regionibus
1224 2683 1616 2762 Sebastena
1678 2700 1753 2762 et
1806 2685 2221 2774 Tokatensi,
2276 2690 2443 2764 mis-

319 2831 402 2884 sa
455 2811 544 2884 ad
596 2810 780 2884 hanc
837 2806 910 2882 S.
953 2805 1206 2882 Sedem
1263 2820 1418 2882 acta
1473 2820 1845 2884 testantur.
1900 2808 2057 2886 Non
2112 2814 2218 2888 ita
2268 2833 2443 2888 vero

317 2931 766 3006 statuendum
817 2929 1245 3017 censuimus,
1305 2951 1536 3025 neque
1591 2953 1965 3006 censemus
2021 2933 2105 3004 de
2142 2927 2448 3006 Pati-iar-

315 3053 492 3131 chae
545 3051 922 3138 electione,
965 3065 1116 3124 tum
1174 3061 1458 3146 propter
1509 3053 1869 3146 dignitatis
1922 3055 2077 3127 eius
2130 3055 2450 3128 eminen-

313 3175 514 3259 tiam,
573 3187 720 3248 tum
775 3174 964 3268 quod
1019 3172 1376 3250 universis
1462 3193 1639 3248 suae
1712 3175 2014 3267 regionis
2078 3169 2447 3267 Episcopis

314 3295 754 3388 praepositus
807 3295 925 3378 sit,
983 3305 1131 3366 tum
1183 3293 1489 3375 demum,
1555 3294 1727 3390 quia
1763 3310 1851 3364 ex
1906 3295 2093 3366 actis·
2128 3295 2213 3366 ad
2260 3293 2450 3370 hanc

315 3411 794 3509 Apostolicam
848 3410 1100 3488 Sedem
1157 3415 1410 3502 allatiS,
1466 3427 1673 3508 patet
1725 3410 2282 3491 Patriarcharum
2320 3439 2449 3491 cu·-

317 3535 574 3630 iusque
629 3530 1018 3608 Orientalis
1075 3536 1256 3608 ritus
1313 3535 1701 3610 electiones
1758 3559 1796 3608 a
1855 3537 2023 3610 solis
2074 3533 2449 3628 Episcopis

317 3668 644 3751 peractas
695 3655 950 3745 fuissc3
987 3657 1124 3732 nisi
1179 3659 1362 3729 forte
1433 3677 1591 3730 cum
1647 3659 2036 3748 peculiares
2076 3665 2283 3751 atque
2320 3675 2449 3746 θια,

317 3777 825 3853 traordiuariae
879 3777 1473 3852 circumstantiae
1527 3779 1726 3852 aliud
1780 3778 2217 3873 postularunt
2236 3800 2263 3866 3
2292 3781 2453 3852 sci-

317 3899 490 3972 lieet
545 3910 624 3974 ut
679 3899 998 3972 catholici
1051 3921 1128 3973 se
1181 3921 1223 3973 a
1279 3897 1933 3983 schismaticorum,
1990 3901 2203 3993 queis.
2240 3899 2453 3974 sube-

319 4032 510 4108 rant,
565 4030 904 4113 potestate
960 4030 1034 4092 et
1086 4021 1164 4092 vi
1221 4032 1654 4106 tuerentur,
1694 4034 1769 4092 et
1806 4019 1940 4093 alio
1976 4019 2106 4091 sibi
2142 4015 2455 4093 Patriar-

325 4139 450 4213 cha
491 4141 856 4234 quaesite,
905 4161 1029 4236 per
1077 4139 1211 4213 hoc
1262 4141 1504 4233 ipsum
1550 4161 1755 4214 suum
1810 4142 1901 4214 ab
1945 4139 2188 4214 iisdem
2234 4141 2457 4214 schis-

319 4263 603 4336 maticis
659 4280 1058 4352 recessum,
1101 4266 1492 4358 'veramque
1549 4271 1620 4336 et
1676 4257 2019 4368 sinceram
2073 4261 2169 4362 ad⁷
2214 4252 2457 4368 catho-

487 4411 570 4499 (1)
609 4413 752 4483 Lib.
794 4411 856 4483 1.
901 4415 1154 4488 advers.
1194 4413 1509 4488 Iovinian.
1565 4435 1633 4486 n.
1679 4413 1782 4488 34.
