3292 5275
852 488 1013 689 ³-ss
1115 644 1123 653 ·
1514 696 1521 704 .
1612 623 2235 721 DECRETVM

1413 885 1474 976 ε’.
1535 917 2078 977 concinnentem
2133 920 2427 975 comm.

872 2084 1237 2247 Actuosi
1295 2172 1708 2266 iniquarum
1763 2185 2116 2246 sectarum
2171 2173 2506 2259 asseclae,
2551 2172 2674 2265 qui
2729 2172 3002 2268 ubique

871 2295 1019 2367 fere
1074 2313 1307 2366 rerum
1364 2295 1570 2387 potiti
1628 2314 1900 2367 omnem
1961 2304 2370 2387 pervertere
2425 2294 2769 2373 ordinem,
2811 2292 3004 2386 ipsa-

872 2434 1009 2509 que
1046 2414 1582 2487 constitutionis
1621 2408 1973 2487 Ecclesiae
2034 2410 2301 2487 Christi
2359 2413 2816 2485 fundamenta
2857 2416 3008 2486 suf-

873 2532 1111 2605 fodere
1148 2544 1520 2618 conantur,
1550 2534 1766 2607 etiam
1804 2535 1875 2605 in
1913 2537 2258 2609 catholica
2299 2531 2496 2607 Italia
2536 2533 2770 2628 plebea
2807 2557 3010 2609 com-

872 2677 1158 2730 movere
1214 2657 1515 2741 audent,
1572 2667 1654 2731 ut
1719 2657 2070 2730 imitantes
2141 2657 2483 2730 nefarium
2545 2659 3002 2751 quorundam

875 2771 1407 2850 Helveticorum
1459 2780 1889 2870 exemplum,
1929 2778 2040 2849 ius
2095 2778 2404 2871 eligendi
2459 2778 2784 2872 proprios
2843 2778 3004 2850 ani-

874 2918 1151 2970 marum
1204 2885 1741 2973 curatorcs'sibi
1781 2899 2108 2972 audacter
2160 2911 2520 2992 usurpent.
2578 2894 2750 2982 Nec,
2813 2899 3006 2993 quod

878 3017 1184 3090 deterius
1238 3028 1372 3105 est,
1410 3019 1630 3091 defuit
1671 3020 1865 3090 inter
1903 3020 2178 3112 aliquos
2217 3019 2731 3113 perditissimos
2771 3021 3007 3092 ecele-

878 3138 1197 3210 siasticos
1253 3137 1472 3225 viroS,
1512 3140 1639 3231 qui
1695 3159 1952 3212 munus
2011 3140 2410 3232 parochiale
2464 3151 2613 3212 tam
2667 3160 3006 3231 perverse

878 3256 1016 3329 sibi
1101 3257 1407 3330 delatum
1487 3259 1876 3351 suscipere,
1933 3267 2143 3352 atque
2207 3261 2419 3332 etiam
2501 3259 2690 3334 obire
2771 3263 3008 3355 impu-

879 3377 1129 3451 denter
1163 3380 1730 3474 praesumpserit.
1779 3375 2215 3453 Detestabile
2254 3400 2424 3452 sane
2461 3381 2777 3469 facinus,
2813 3385 3010 3477 quod

882 3492 1455 3572 Ecclesiasticam
1490 3493 1982 3570 Hierarchiam
2038 3501 2296 3572 evertit
2351 3502 2811 3597 funditusque
2855 3525 3013 3597 pes-

882 3615 1159 3688 sumdat
1191 3639 1211 3688 z
1252 3619 1597 3712 siquidem
1634 3615 1996 3693 docendus
2039 3631 2143 3691 est
2172 3619 2510 3718 populus,
2552 3625 2782 3716 inquit
2817 3621 3010 3698 Cae-

882 3735 1168 3810 lestinus
1223 3733 1446 3830 Papa,
1499 3760 1644 3811 non
1705 3737 2130 3836 sequendus,
2188 3763 2480 3842 nosque,
2537 3742 2603 3816 si
2655 3745 3012 3830 nesciunt,

882 3879 1001 3930 eos
1052 3854 1226 3957 quid
1278 3854 1517 3940 liceat,
1552 3855 1814 3958 quidve
1871 3881 2013 3933 non
2071 3858 2308 3950 liceat,
2349 3886 2818 3950 commonere,
2869 3889 3016 3939 non

884 3974 993 4051 his
1074 3997 1485 4051 eonsensum
1558 3978 1909 4077 praebere
1993 3979 2320 4055 debemus
2373 3976 2504 4084 (1).
2559 3980 3016 4060 Temerarius

884 4098 1179 4194 proinde
1234 4121 1443 4172 ausus
1531 4111 1782 4173 contra
1853 4112 2114 4174 statuta
2170 4098 2591 4178 Sanctorum
2647 4101 2958 4180 Patr-um
2987 4158 3012 4192 ‚

886 4221 1155 4295 crimen
1206 4235 1353 4295 tam
1405 4219 1834 4310 ambitionis,
1875 4247 2090 4326 quam
2128 4223 2675 4318 inobedientiae,
2715 4250 2804 4304 ex
2837 4253 3008 4327 quo,

1046 4383 1127 4470 (1)
1170 4384 1327 4455 Can.
1370 4385 1702 4456 Donamus
1739 4389 1784 4460 2
1819 4391 1966 4456 dist.
2007 4387 2114 4460 63.
