3292 5275
818 471 925 554 24
1104 548 1115 556 ,
1170 529 1197 556 ..-
1538 516 1652 564 μ·
1944 557 1955 566 ,
2088 561 2096 568 ,

820 623 954 701 cet,
986 635 1063 686 ac
1118 609 1472 708 Synodum
1527 633 1922 684 convocare
1978 623 2048 684 et
2105 614 2180 684 in
2260 633 2344 684 ea
2419 612 2935 684 examinatores

820 735 1157 828 deputare
1213 735 1609 818 consuevit,
1642 734 1968 828 quodque
2009 733 2251 826 vigore
2282 728 2710 805 Litterarum
2747 727 2942 824 Apo-

819 854 1223 928 stolicarum
1287 855 1403 926 fel.
1444 856 1712 926 record.
1778 850 1890 925 Pii
1947 849 2090 925 ΡΡ.
2150 849 2441 947 Septimi
2506 849 2940 926 Praedeces-

820 976 999 1048 soris
1052 969 1290 1048 Nostri
1347 973 1419 1045 in
1477 973 1697 1048 forma
1754 969 2008 1048 Brevis
2066 975 2153 1048 de
2207 969 2412 1047 Anno
2465 969 2746 1048 Domini
2783 973 2940 1046 mil·

818 1098 1059 1171 lesimo
1114 1094 1695 1186 octingentesimo
1752 1095 2095 1188 vigesimo
2149 1095 2372 1188 primo
2425 1117 2553 1188 pro
2629 1105 2938 1188 tempore

821 1215 1145 1290 existenti
1180 1213 1517 1313 Mutinen.
1558 1212 1875 1289 Antistiti
1917 1226 2257 1310 perpetuo
2287 1215 2610 1290 affectum
2665 1216 2937 1302 existit,

821 1351 895 1411 et
948 1339 1135 1432 quod
1188 1338 1299 1408 bo.
1357 1358 1493 1410 me.
1552 1333 1985 1410 Franciscus
2041 1331 2425 1431 Emygdius
2473 1331 2722 1426 Cugini
2777 1336 2944 1409 dum

819 1459 1101 1532 viveret
1155 1454 1742 1550 Archiepiscopus
1781 1451 2127 1532 Mutinen.
2187 1478 2270 1528 ac
2326 1453 2490 1528 dicti
2525 1451 2937 1528 Monasterii

819 1575 1053 1652 Abbas
1082 1573 1739 1654 Commendatarius
1778 1579 1848 1650 in
1877 1574 2380 1653 Commendam
2415 1597 2507 1650 ex
2543 1576 2939 1650 concessio-

821 1721 912 1773 ne
968 1711 1041 1772 et
1094 1698 1598 1794 dispensatione
1658 1695 2078 1792 Apostolicis
2143 1699 2360 1771 etiam
2422 1697 2582 1770 dum
2657 1699 2940 1772 viveret

822 1821 1222 1910 obtinebat3
1287 1819 1716 1896 Commenda
1785 1821 2185 1896 huiusmodi
2227 1842 2388 1913 ,per
2444 1821 2716 1896 obitum
2768 1821 2942 1892 dicti

820 1939 877 2014 F
882 1944 1175 2017 rancisci
1205 1938 1519 2038 Emygdii
1558 1936 2083 2036 Archiepiscopi
2123 1953 2196 2015 et
2236 1938 2527 2014 Abbatis
2573 1938 2941 2014 Commen-

821 2065 1093 2148 datarii,
1126 2064 1247 2158 qui
1302 2074 1505 2136 extra
1546 2060 1936 2138 Romanam
1971 2060 2268 2139 Curiam
2301 2062 2616 2136 debitum
2645 2073 2940 2134 naturae

821 2186 1182 2276 persolvit,
1212 2193 1539 2256 cessante
1594 2183 1852 2268 adhuc,
1885 2205 1970 2259 eo
2007 2185 2198 2279 quod
2233 2195 2394 2258 ante
2438 2178 2941 2259 Commendam

821 2304 1400 2397 ipsam-vacabat,
1426 2305 1635 2377 modo
1665 2305 2054 2390 vacaverit,
2097 2316 2170 2376 et
2209 2315 2408 2382 vacet
2443 2305 2532 2378 ad
2569 2323 2893 2398 praesens
2913 2324 2940 2392 3

820 2419 965 2498 Nos
1020 2433 1165 2497 tam
1221 2425 1450 2497 eidem
1508 2419 1936 2498 Monasterio
1991 2425 2080 2497 de
2135 2421 2617 2499 Gubernatore
2670 2424 2831 2497 utili
2867 2435 2941 2497 et

821 2545 1101 2633 idoneo,
1133 2567 1256 2641 per
1284 2567 1490 2639 quem
1519 2544 2028 2637 circumspecte
2083 2547 2262 2636 regi,
2301 2557 2374 2618 et
2411 2546 2816 2637 gubernari,
2861 2565 2940 2617 ac

710 2706 718 2713 ·
800 2666 1201 2741 salubriter
1252 2667 1463 2760 dirigi
1490 2668 1758 2754 valeat,
1795 2688 2007 2761 quam
2046 2662 2236 2754 Tibi,
2263 2679 2346 2741 ut
2399 2679 2658 2743 statum
2706 2662 2940 2741 Tuum

708 2826 722 2837 -
820 2787 1016 2864 iuxta
1068 2786 1485 2881 pontificalis
1542 2787 1912 2878 dignitatis
1967 2788 2390 2881 exigentiam
2428 2786 2784 2863 decentius
2833 2798 2940 2858 te-

820 2930 989 2983 nere
1044 2907 1293 3003 possiS,
1325 2909 1411 2981 de
1466 2907 1764 2981 alicuius
1818 2906 2300 2985 subventionis
2357 2906 2940 3001 auxilio-”provi-

750 3030 757 3037 ’
822 3030 1021 3115 dere,
1050 3051 1133 3103 ae
1185 3030 1557 3125 specialem
1614 3030 1911 3120 gratiam
1963 3032 2194 3117 iacere
2224 3030 2568 3114 volentes,
2611 3024 2852 3122 Teque
2897 3048 2938 3100 a

820 3152 1195 3247 quibusvis
1248 3151 2022 3236 excommunicationis,
2047 3150 2561 3243 suspensionis,
2591 3160 2667 3223 et
2721 3152 2941 3223 inter-

820 3272 1022 3357 dicti,
1082 3271 1377 3366 aliisque
1452 3266 1966 3345 Ecclesiasticis
2041 3272 2430 3357 sententiis,
2499 3272 2812 3348 censuris
2866 3280 2938 3342 et

700 3430 714 3437 -
822 3395 1101 3487 poeniS,
1148 3394 1209 3465 si
1290 3390 1553 3485 quibus
1628 3390 2146 3486 quomodolibet
2219 3392 2598 3465 innodatus
2656 3390 2936 3476 existis,

822 3514 913 3589 ad
965 3514 1283 3588 effectum
1340 3511 1818 3605 praesentium
1875 3523 2146 3585 tantum
2199 3511 2766 3604 consequendum
2801 3508 2940 3581 ha-

701 3668 715 3677 -
822 3656 983 3708 rum
1036 3636 1221 3709 serie
1274 3636 1756 3719 absolventeS,
1793 3644 1866 3707 et
1903 3632 2298 3707 absolutum
2353 3634 2499 3705 fore
2545 3640 2941 3719 censentes,

822 3778 1209 3853 verumque
1263 3768 1337 3830 et
1370 3758 1694 3827 ultimum
1732 3754 1896 3828 dicti
1929 3750 2337 3827 Monasterii
2373 3752 2750 3827 vacationis
2788 3772 2940 3823 mo-

822 3878 1019 3965 dum,
1042 3878 1315 3952 etiamsi
1334 3899 1427 3951 ex
1448 3877 1572 3949 illo
1610 3874 1900 3969 quaevis
1937 3871 2280 3969 generalis
2319 3873 2704 3945 reservatio
2723 3870 2938 3945 etiam

692 4014 702 4046 ³
822 4000 897 4073 in
947 4020 1243 4093 corpore
1294 3997 1465 4071 iuris
1522 4018 1732 4071 causa
1771 3998 2084 4079 resultet,
2127 3993 2608 4087 praesentibus
2646 4013 2774 4083 pro
2813 4012 2942 4063 ex·-

684 4148 704 4161 ·
830 4121 1097 4214 pressis
1149 4120 1515 4206 habentes,
1546 4114 1748 4191 Motu
1804 4117 2082 4209 proprio
2133 4126 2208 4189 et
2261 4136 2344 4189 ex
2397 4134 2590 4195 mera
2634 4110 2944 4195 liberali-

689 4261 765 4299 ·:·
814 4236 1275 4314 ute·›Nost·ra
1334 4236 1846 4314 uana-terium
1901 4238 2320 4329 praeratum,
2378 4236 2934 4319 cuius,fructus,

824 4361 1120 4448 reditus,
1156 4368 1229 4434 et
1270 4371 1658 4454 proventus
1715 4359 1806 4433 ad
1859 4359 2246 4431 biscentum
2297 4352 2634 4429 Florenos
2670 4354 2821 4426 auri
2864 4354 2936 4426 in
