3292 5275
272 630 635 729 Episcopi,
706 642 1053 730 tamquam
1128 630 1431 709 Sanctae
1467 636 1700 709 'butus
1763 631 1972 709 Sedis
2033 632 2375 731 Delegati,

268 754 745 851 praesidentia
802 756 1311 845 demandetnr3
1348 756 1450 829 ita
1486 767 1722 829 tamen
1759 768 1842 829 ut
1893 757 2208 830 eiusdem
2240 753 2381 833 Ca·

266 877 473 971 pituli
528 888 685 949 acta
742 876 833 949 ad
882 872 1213 951 Sanctam
1266 872 1519 951 Sede'm
1594 877 1777 949 mitti
1843 876 2179 963 debeant,
2237 900 2376 973 quo

266 1020 389 1091 per
422 999 738 1071 eamdem
795 1009 1091 1093 sequuta
1138 999 1391 1071 electio
1444 996 1916 1070 confirmetur.
1960 992 2078 1069 vt.
2119 992 2374 1073 Abbati

266 1119 423 1192 iura
478 1118 708 1192 omnia
743 1130 816 1191 et
851 1118 1213 1212 privilegia
1249 1128 1681 1213 competant,
1721 1138 1906 1212 quac
1947 1139 2166 1211 penes
2202 1116 2378 1193 San-

264 1241 362 1313 cti
396 1234 767 1313 Benedicti
805 1235 1170 1320 ordinem,
1208 1233 1528 1321 Abbatis,
1563 1236 1676 1332 qui
1717 1239 2074 1311 territorio
2112 1240 2374 1315 nullius

264 1372 487 1441 caret,
518 1361 801 1453 propria
838 1361 1343 1454 dignoscuntur
1353 1382 1379 1448 3
1408 1380 1722 1454 quaeque
1759 1360 2166 1433 memoratis
2193 1355 2376 1467 Con!

264 1480 745 1555 stitutionibus
772 1476 1610 1553 Helveto-Benedictinae
1640 1475 2226 1570 congregationis
2253 1482 2376 1555 de-

264 1601 631 1676 finiuntur.
688 1596 839 1671 vn.
882 1594 1083 1689 Quod
1160 1602 1465 1694 pertinet
1518 1599 1606 1671 ad
1667 1598 2052 1672 animarum
2108 1622 2372 1689 curam,

264 1723 555 1795 attentis
606 1722 1021 1815 pracsertim
1078 1720 1257 1793 illius
1314 1719 1613 1812 regionis
1669 1720 2048 1806 adiunctis,
2096 1733 2374 1815 praeter

263 1863 669 1916 communes
734 1836 1199 1915 Ecclesiastici
1278 1841 1453 1914 iuris
1529 1840 1825 1933 regulas,
1879 1860 2008 1913 eae
2062 1843 2279 1915 etiam
2334 1866 2375 1917 a

262 1958 723 2037 Benedictina
761 1958 1050 2035 Familia
1086 1974 1482 2045 serventur,
1520 1981 1706 2054 quae
1763 1982 1890 2054 pro
1927 1958 2372 2039 Missionibus

262 2085 645 2176 generatim
702 2084 1005 2155 traditae
1061 2092 1251 2155 sunt.
1311 2074 1490 2153 v111.
1531 2077 1842 2153 Tandem
1897 2082 1956 2153 si
2013 2084 2083 2155 in
2131 2080 2373 2158 Mona-

262 2206 519 2278 sticum
572 2201 983 2298 conlegium
1040 2202 1431 2280 studiorum
1484 2224 1696 2275 causa
1771 2202 2160 2277 saeculares
2213 2198 2374 2279 Cle-

262 2324 441 2398 ricos
488 2323 801 2419 cooptari
858 2324 1259 2418 contigerit,
1310 2320 1419 2397 ius
1455 2318 1806 2415 Episcopo
1861 2336 2212 2417 competat
2249 2347 2370 2401 su-

260 2469 381 2539 per
466 2447 869 2521 eorumdem
952 2444 1268 2517 doctrina
1332 2454 1403 2514 et
1484 2442 1792 2515 moribus
1877 2444 2362 2539 investigandi.

258 2562 445 2641 Ilaec
507 2568 829 2641 volumus
859 2615 881 2653 ‚
936 2564 1334 2639 mandamus
1370 2610 1391 2649 ,
1449 2562 1792 2639 edicimus
1827 2612 1848 2650 ,
1909 2563 2368 2641 decernentes

261 2699 661 2782 praesentes
718 2684 1023 2761 Litteras
1076 2685 1337 2771 firmaS,
1394 2684 1669 2760 validas
1719 2695 1791 2755 et
1841 2683 2160 2758 efficaces
2215 2687 2372 2758 cxi-

260 2819 445 2882 stere
502 2831 584 2882 ac
636 2807 809 2892 lore,
868 2828 1163 2901 suosque
1217 2807 1569 2900 plenarios
1608 2816 1682 2878 et
1719 2803 2028 2896 integros
2081 2805 2368 2880 effectus

260 2930 498 3004 sortiri
552 2940 626 3004 et
679 2929 1023 3008 obtinere,
1081 2949 1165 3000 ac
1218 2926 1349 2998 illis
1404 2927 1491 2998 ad
1545 2947 1726 3020 quos
1788 2937 2060 3019 spectat
2113 2940 2187 3001 et
2241 2949 2368 3022 pro

262 3063 574 3143 tempore
630 3049 1213 3142 quandocumque
1268 3046 1618 3140 spectabit
1655 3046 1722 3118 in
1777 3046 2096 3120 omnibus
2133 3059 2208 3121 et
2245 3070 2369 3142 per

258 3171 489 3244 omnia
544 3169 939 3262 plenissime
976 3165 1390 3258 suffragari3
1428 3166 1670 3262 sicque
1707 3167 1776 3238 in
1815 3168 2210 3261 praemissis
2245 3190 2372 3260 per

256 3309 735 3386 quoscumque
792 3287 1063 3363 iudices
1120 3287 1509 3360 ordinarios
1564 3297 1637 3358 ct
1703 3286 2102 3380 delegatos,
2159 3291 2368 3360 etiam

257 3431 629 3484 causarum
680 3405 933 3482 Palatii
970 3402 1210 3482 Nostri
1250 3403 1637 3500 Apostolici
1679 3408 2034 3480 auditores
2073 3407 2368 3482 iudicari

258 3543 329 3606 et
364 3530 645 3604 definiri
694 3530 979 3614 debere,
1022 3551 1104 3601 ac
1142 3529 1421 3602 irritum
1460 3539 1533 3602 ct
1571 3531 1782 3602 inane
1821 3525 1877 3602 si
1917 3549 2120 3601 secus
2157 3551 2370 3624 super

254 3654 365 3727 his
402 3675 447 3725 a
485 3671 837 3746 quoquam
892 3649 1147 3745 quavis
1202 3647 1615 3725 anctoritate
1654 3651 1954 3724 scienter
2010 3650 2127 3723 vel
2163 3652 2368 3743 igno-

254 3785 497 3848 ranter
533 3773 905 3864 contigerit
940 3771 1295 3844 attentari.
1326 3767 1479 3844 Non
1520 3769 1984 3852 obstantibus,
2019 3780 2367 3865 quatenus

252 3917 427 3991 opus
482 3895 602 3979 sit,
657 3889 909 3968 Nostra
946 3903 1018 3964 ct
1054 3887 1533 3966 cancellariae
1590 3887 2040 3984 Apostolicae
2094 3888 2368 3986 Regula

252 4017 337 4090 de
376 4016 531 4088 iure
568 4013 891 4107 quaesito
946 4032 1087 4086 non
1129 4012 1460 4096 tollendo,
1516 4007 1880 4084 Benedicti
1917 4007 2104 4084 XIV.
2146 4008 2372 4086 Prae-

249 4132 639 4212 decessoris
690 4129 930 4207 Nostri
984 4130 1193 4206 recol.
1251 4153 1461 4206 mem.
1518 4153 1729 4225 super
1766 4130 2107 4205 divisione
2147 4145 2366 4208 mate·-

252 4261 542 4342 riarum,
598 4256 899 4351 aliisque
946 4251 1365 4347 Apostolicis
1418 4249 2050 4329 Constitutionibus
2105 4265 2176 4325 et
2229 4251 2369 4328 Or-

254 4377 754 4463 dinationibuS,
795 4396 927 4451 nec
966 4397 1109 4449 non
1164 4375 1445 4470 speciali
1500 4384 1716 4471 atque
1755 4373 2122 4448 individua
2169 4395 2368 4448 men-
