<?xml version="1.0" encoding="UTF-8"?>
<!DOCTYPE html PUBLIC "-//W3C//DTD XHTML 1.0 Transitional//EN"
    "http://www.w3.org/TR/xhtml1/DTD/xhtml1-transitional.dtd">
<html xmlns="http://www.w3.org/1999/xhtml" xml:lang="en" lang="en">
 <head>
  <title>
</title>
<meta http-equiv="Content-Type" content="text/html;charset=utf-8" />
  <meta name='ocr-system' content='tesseract 3.04.00' />
  <meta name='ocr-capabilities' content='ocr_page ocr_carea ocr_par ocr_line ocrx_word'/>
</head>
<body>
  <div class='ocr_page' id='page_1' title='image "./piiixpontificis01ixgoog_0070.png"; bbox 0 0 3292 5275; ppageno 0'>
   <div class='ocr_carea' id='block_1_1' title="bbox 875 502 1978 710">
    <p class='ocr_par' dir='ltr' id='par_1_1' title="bbox 875 502 1978 710">
     <span class='ocr_line' id='line_1_1' title="bbox 875 502 981 583; baseline 0 0"><span class='ocrx_word' id='word_1_1' title='bbox 875 502 981 583; x_wconf 80' lang='lat'><strong>62</strong></span> 
     </span>
     <span class='ocr_line' id='line_1_2' title="bbox 1905 628 1978 710; baseline -0.041 0"><span class='ocrx_word' id='word_1_2' title='bbox 1905 628 1978 710; x_wconf 65' lang='lat' dir='ltr'><strong>t.</strong></span> 
     </span>
    </p>
   </div>
   <div class='ocr_carea' id='block_1_2' title="bbox 877 872 2994 1582">
    <p class='ocr_par' dir='ltr' id='par_1_2' title="bbox 877 872 2994 1582">
     <span class='ocr_line' id='line_1_3' title="bbox 1086 872 2989 956; baseline -0.001 0"><span class='ocrx_word' id='word_1_3' title='bbox 1086 879 1352 956; x_wconf 81' lang='lat' dir='ltr'><strong>Nomen</strong></span> <span class='ocrx_word' id='word_1_4' title='bbox 1407 880 1655 952; x_wconf 87' lang='lat' dir='ltr'><strong>dantes</strong></span> <span class='ocrx_word' id='word_1_5' title='bbox 1708 888 1943 951; x_wconf 88' lang='lat' dir='ltr'><strong>sectae</strong></span> <span class='ocrx_word' id='word_1_6' title='bbox 1981 872 2418 951; x_wconf 76' lang='lat' dir='ltr'><strong>Massonicae</strong></span> <span class='ocrx_word' id='word_1_7' title='bbox 2458 876 2584 951; x_wconf 80' lang='lat' dir='ltr'><strong>&#39;aut</strong></span> <span class='ocrx_word' id='word_1_8' title='bbox 2623 874 2989 954; x_wconf 74' lang='lat' dir='ltr'><strong>carbona-</strong></span> 
     </span>
     <span class='ocr_line' id='line_1_4' title="bbox 877 996 2989 1094; baseline -0.002 -16"><span class='ocrx_word' id='word_1_9' title='bbox 877 1003 1062 1089; x_wconf 77' lang='lat' dir='ltr'><strong>riae,</strong></span> <span class='ocrx_word' id='word_1_10' title='bbox 1119 1013 1245 1077; x_wconf 88' lang='lat' dir='ltr'><strong>aut</strong></span> <span class='ocrx_word' id='word_1_11' title='bbox 1297 998 1450 1075; x_wconf 84' lang='lat' dir='ltr'><strong>aliis</strong></span> <span class='ocrx_word' id='word_1_12' title='bbox 1501 997 1818 1073; x_wconf 89' lang='lat' dir='ltr'><strong>eiusdem</strong></span> <span class='ocrx_word' id='word_1_13' title='bbox 1868 996 2138 1093; x_wconf 76' lang='lat' dir='ltr'><strong>generis</strong></span> <span class='ocrx_word' id='word_1_14' title='bbox 2198 998 2447 1085; x_wconf 89' lang='lat' dir='ltr'><strong>sectis,</strong></span> <span class='ocrx_word' id='word_1_15' title='bbox 2500 1020 2687 1094; x_wconf 83' lang='lat' dir='ltr'><strong>quae</strong></span> <span class='ocrx_word' id='word_1_16' title='bbox 2736 1010 2989 1073; x_wconf 86' lang='lat' dir='ltr'><strong>contra</strong></span> 
     </span>
     <span class='ocr_line' id='line_1_5' title="bbox 879 1118 2988 1211; baseline -0.002 -14"><span class='ocrx_word' id='word_1_17' title='bbox 879 1119 1268 1197; x_wconf 82' lang='lat' dir='ltr'><strong>Ecclesiam</strong></span> <span class='ocrx_word' id='word_1_18' title='bbox 1321 1118 1433 1193; x_wconf 87' lang='lat' dir='ltr'><strong>vel</strong></span> <span class='ocrx_word' id='word_1_19' title='bbox 1459 1119 1835 1210; x_wconf 68' lang='lat' dir='ltr'><strong>‚legitimas</strong></span> <span class='ocrx_word' id='word_1_20' title='bbox 1888 1127 2273 1211; x_wconf 79' lang='lat' dir='ltr'><strong>potestates</strong></span> <span class='ocrx_word' id='word_1_21' title='bbox 2336 1138 2463 1191; x_wconf 88' lang='lat' dir='ltr'><strong>seu</strong></span> <span class='ocrx_word' id='word_1_22' title='bbox 2516 1119 2751 1211; x_wconf 83' lang='lat' dir='ltr'><strong>palam</strong></span> <span class='ocrx_word' id='word_1_23' title='bbox 2778 1169 2801 1208; x_wconf 89' lang='lat'>,</span> <span class='ocrx_word' id='word_1_24' title='bbox 2856 1139 2988 1193; x_wconf 90' lang='lat' dir='ltr'><strong>seu</strong></span> 
     </span>
     <span class='ocr_line' id='line_1_6' title="bbox 882 1235 2993 1323; baseline -0.002 -8"><span class='ocrx_word' id='word_1_25' title='bbox 882 1242 1316 1317; x_wconf 78' lang='lat' dir='ltr'><strong>clandestine</strong></span> <span class='ocrx_word' id='word_1_26' title='bbox 1368 1236 1883 1323; x_wconf 83' lang='lat' dir='ltr'><strong>machinantur,</strong></span> <span class='ocrx_word' id='word_1_27' title='bbox 1940 1257 2067 1312; x_wconf 90' lang='lat' dir='ltr'><strong>nec</strong></span> <span class='ocrx_word' id='word_1_28' title='bbox 2121 1258 2265 1311; x_wconf 89' lang='lat' dir='ltr'><strong>non</strong></span> <span class='ocrx_word' id='word_1_29' title='bbox 2318 1235 2565 1311; x_wconf 91' lang='lat' dir='ltr'><strong>iisdem</strong></span> <span class='ocrx_word' id='word_1_30' title='bbox 2620 1239 2831 1311; x_wconf 88' lang='lat' dir='ltr'><strong>sectis</strong></span> <span class='ocrx_word' id='word_1_31' title='bbox 2882 1236 2993 1311; x_wconf 76' lang='lat' dir='ltr'><strong>fa-</strong></span> 
     </span>
     <span class='ocr_line' id='line_1_7' title="bbox 886 1360 2994 1455; baseline -0.003 -16"><span class='ocrx_word' id='word_1_32' title='bbox 886 1382 1129 1439; x_wconf 83' lang='lat' dir='ltr'><strong>vorem</strong></span> <span class='ocrx_word' id='word_1_33' title='bbox 1174 1360 1749 1455; x_wconf 83' lang='lat' dir='ltr'><strong>qualemcumque</strong></span> <span class='ocrx_word' id='word_1_34' title='bbox 1792 1367 2255 1453; x_wconf 82' lang='lat' dir='ltr'><strong>praestantes3</strong></span> <span class='ocrx_word' id='word_1_35' title='bbox 2288 1378 2622 1431; x_wconf 87' lang='lat' dir='ltr'><strong>earumve</strong></span> <span class='ocrx_word' id='word_1_36' title='bbox 2674 1360 2994 1435; x_wconf 89' lang='lat' dir='ltr'><strong>occultos</strong></span> 
     </span>
     <span class='ocr_line' id='line_1_8' title="bbox 886 1472 2993 1582; baseline -0.002 -24"><span class='ocrx_word' id='word_1_37' title='bbox 886 1481 1293 1576; x_wconf 85' lang='lat' dir='ltr'><strong>coriphaeos</strong></span> <span class='ocrx_word' id='word_1_38' title='bbox 1350 1500 1430 1551; x_wconf 86' lang='lat' dir='ltr'><strong>ac</strong></span> <span class='ocrx_word' id='word_1_39' title='bbox 1485 1479 1701 1551; x_wconf 87' lang='lat' dir='ltr'><strong>duces</strong></span> <span class='ocrx_word' id='word_1_40' title='bbox 1758 1498 1899 1551; x_wconf 90' lang='lat' dir='ltr'><strong>non</strong></span> <span class='ocrx_word' id='word_1_41' title='bbox 1952 1472 2461 1552; x_wconf 81' lang='lat' dir='ltr'><strong>denunciantes</strong></span> <span class='ocrx_word' id='word_1_42' title='bbox 2488 1526 2511 1565; x_wconf 89' lang='lat'>,</span> <span class='ocrx_word' id='word_1_43' title='bbox 2574 1478 2796 1582; x_wconf 88' lang='lat' dir='ltr'><strong>donec</strong></span> <span class='ocrx_word' id='word_1_44' title='bbox 2850 1500 2993 1554; x_wconf 88' lang='lat' dir='ltr'><strong>non</strong></span> 
     </span>
    </p>
   </div>
   <div class='ocr_carea' id='block_1_3' title="bbox 877 1601 1496 1683">
    <p class='ocr_par' dir='ltr' id='par_1_3' title="bbox 877 1601 1496 1683">
     <span class='ocr_line' id='line_1_9' title="bbox 877 1601 1496 1683; baseline -0.019 -1"><span class='ocrx_word' id='word_1_45' title='bbox 877 1601 1496 1683; x_wconf 72' lang='lat' dir='ltr'><strong>denunciaverint.</strong></span> 
     </span>
    </p>
   </div>
   <div class='ocr_carea' id='block_1_4' title="bbox 1916 1740 1991 1821">
    <p class='ocr_par' dir='ltr' id='par_1_4' title="bbox 1916 1740 1991 1821">
     <span class='ocr_line' id='line_1_10' title="bbox 1916 1740 1991 1821; baseline -0.04 0"><span class='ocrx_word' id='word_1_46' title='bbox 1916 1740 1991 1821; x_wconf 89' lang='lat'><strong>5.</strong></span> 
     </span>
    </p>
   </div>
   <div class='ocr_carea' id='block_1_5' title="bbox 883 1932 3001 2176">
    <p class='ocr_par' dir='ltr' id='par_1_5' title="bbox 883 1932 3001 2176">
     <span class='ocr_line' id='line_1_11' title="bbox 883 1932 3001 2061; baseline -0.003 -18"><span class='ocrx_word' id='word_1_47' title='bbox 883 2052 892 2061; x_wconf 54' lang='grc'>,</span> <span class='ocrx_word' id='word_1_48' title='bbox 1103 1962 1626 2043; x_wconf 83' lang='lat' dir='ltr'><strong>Immunitatem</strong></span> <span class='ocrx_word' id='word_1_49' title='bbox 1678 1961 1849 2059; x_wconf 78' lang='lat' dir='ltr'><strong>asyli</strong></span> <span class='ocrx_word' id='word_1_50' title='bbox 1900 1932 2352 2040; x_wconf 86' lang='lat' dir='ltr'><strong>ecclesiastici</strong></span> <span class='ocrx_word' id='word_1_51' title='bbox 2418 1965 2689 2040; x_wconf 83' lang='lat' dir='ltr'><strong>violare</strong></span> <span class='ocrx_word' id='word_1_52' title='bbox 2740 1962 3001 2039; x_wconf 78' lang='lat' dir='ltr'><strong>iuben-</strong></span> 
     </span>
     <span class='ocr_line' id='line_1_12' title="bbox 893 2085 2291 2176; baseline -0.006 -11"><span class='ocrx_word' id='word_1_53' title='bbox 893 2101 1029 2176; x_wconf 85' lang='lat' dir='ltr'><strong>tes,</strong></span> <span class='ocrx_word' id='word_1_54' title='bbox 1085 2097 1212 2164; x_wconf 81' lang='lat' dir='ltr'><strong>aut</strong></span> <span class='ocrx_word' id='word_1_55' title='bbox 1265 2104 1434 2161; x_wconf 84' lang='lat' dir='ltr'><strong>ausu</strong></span> <span class='ocrx_word' id='word_1_56' title='bbox 1489 2085 1867 2159; x_wconf 83' lang='lat' dir='ltr'><strong>temerario</strong></span> <span class='ocrx_word' id='word_1_57' title='bbox 1919 2086 2291 2160; x_wconf 81' lang='lat' dir='ltr'><strong>violantes.</strong></span> 
     </span>
    </p>
   </div>
   <div class='ocr_carea' id='block_1_6' title="bbox 1920 2318 1997 2400">
    <p class='ocr_par' dir='ltr' id='par_1_6' title="bbox 1920 2318 1997 2400">
     <span class='ocr_line' id='line_1_13' title="bbox 1920 2318 1997 2400; baseline -0.013 0"><span class='ocrx_word' id='word_1_58' title='bbox 1920 2318 1997 2400; x_wconf 88' lang='grc'><strong>6.</strong></span> 
     </span>
    </p>
   </div>
   <div class='ocr_carea' id='block_1_7' title="bbox 893 2564 3018 3394">
    <p class='ocr_par' dir='ltr' id='par_1_7' title="bbox 893 2564 3018 3394">
     <span class='ocr_line' id='line_1_14' title="bbox 1110 2564 3006 2670; baseline 0.003 -27"><span class='ocrx_word' id='word_1_59' title='bbox 1110 2564 1473 2645; x_wconf 74' lang='lat' dir='ltr'><strong>violantes</strong></span> <span class='ocrx_word' id='word_1_60' title='bbox 1536 2568 1937 2644; x_wconf 76' lang='lat' dir='ltr'><strong>clausuram</strong></span> <span class='ocrx_word' id='word_1_61' title='bbox 1990 2564 2394 2645; x_wconf 78' lang='lat' dir='ltr'><strong>Monialium</strong></span> <span class='ocrx_word' id='word_1_62' title='bbox 2424 2620 2447 2660; x_wconf 89' lang='lat'>‚</span> <span class='ocrx_word' id='word_1_63' title='bbox 2503 2570 3006 2670; x_wconf 88' lang='lat' dir='ltr'><strong>cuiuscumque</strong></span> 
     </span>
     <span class='ocr_line' id='line_1_15' title="bbox 905 2690 3007 2786; baseline 0 -20"><span class='ocrx_word' id='word_1_64' title='bbox 905 2693 1180 2786; x_wconf 76' lang='lat' dir='ltr'><strong>generis</strong></span> <span class='ocrx_word' id='word_1_65' title='bbox 1237 2701 1358 2766; x_wconf 89' lang='lat' dir='ltr'><strong>aut</strong></span> <span class='ocrx_word' id='word_1_66' title='bbox 1411 2690 1831 2766; x_wconf 88' lang='lat' dir='ltr'><strong>conditionis</strong></span> <span class='ocrx_word' id='word_1_67' title='bbox 1857 2738 1880 2777; x_wconf 88' lang='lat'>,</span> <span class='ocrx_word' id='word_1_68' title='bbox 1936 2711 2151 2765; x_wconf 84' lang='lat' dir='ltr'><strong>sexus</strong></span> <span class='ocrx_word' id='word_1_69' title='bbox 2207 2694 2323 2765; x_wconf 87' lang='lat' dir='ltr'><strong>vel</strong></span> <span class='ocrx_word' id='word_1_70' title='bbox 2390 2694 2647 2766; x_wconf 88' lang='lat' dir='ltr'><strong>aetatis</strong></span> <span class='ocrx_word' id='word_1_71' title='bbox 2697 2691 2955 2767; x_wconf 76' lang='lat' dir='ltr'><strong>fuerint</strong></span> <span class='ocrx_word' id='word_1_72' title='bbox 2984 2742 3007 2779; x_wconf 89' lang='lat'><strong>‚</strong></span> 
     </span>
     <span class='ocr_line' id='line_1_16' title="bbox 903 2810 3013 2908; baseline 0 -20"><span class='ocrx_word' id='word_1_73' title='bbox 903 2815 978 2887; x_wconf 90' lang='lat' dir='ltr'><strong>in</strong></span> <span class='ocrx_word' id='word_1_74' title='bbox 1031 2833 1278 2888; x_wconf 87' lang='lat' dir='ltr'><strong>earum</strong></span> <span class='ocrx_word' id='word_1_75' title='bbox 1329 2812 1758 2884; x_wconf 87' lang='lat' dir='ltr'><strong>monasteria</strong></span> <span class='ocrx_word' id='word_1_76' title='bbox 1794 2812 2057 2906; x_wconf 80' lang='lat' dir='ltr'><strong>absque</strong></span> <span class='ocrx_word' id='word_1_77' title='bbox 2094 2810 2396 2907; x_wconf 81' lang='lat' dir='ltr'><strong>legitima</strong></span> <span class='ocrx_word' id='word_1_78' title='bbox 2450 2813 2727 2888; x_wconf 87' lang='lat' dir='ltr'><strong>licentia</strong></span> <span class='ocrx_word' id='word_1_79' title='bbox 2786 2817 3013 2908; x_wconf 76' lang='lat' dir='ltr'><strong>ingre-</strong></span> 
     </span>
     <span class='ocr_line' id='line_1_17' title="bbox 893 2930 3013 3025; baseline 0.001 -20"><span class='ocrx_word' id='word_1_80' title='bbox 893 2933 1186 3020; x_wconf 84' lang='lat' dir='ltr'><strong>diendo3</strong></span> <span class='ocrx_word' id='word_1_81' title='bbox 1240 2931 1640 3025; x_wconf 84' lang='lat' dir='ltr'><strong>pariterque</strong></span> <span class='ocrx_word' id='word_1_82' title='bbox 1692 2951 1813 3004; x_wconf 89' lang='lat' dir='ltr'><strong>eos</strong></span> <span class='ocrx_word' id='word_1_83' title='bbox 1866 2930 2397 3006; x_wconf 85' lang='lat' dir='ltr'><strong>introducentes</strong></span> <span class='ocrx_word' id='word_1_84' title='bbox 2462 2933 2575 3006; x_wconf 86' lang='lat' dir='ltr'><strong>vel</strong></span> <span class='ocrx_word' id='word_1_85' title='bbox 2630 2933 3013 3008; x_wconf 87' lang='lat' dir='ltr'><strong>admitten-</strong></span> 
     </span>
     <span class='ocr_line' id='line_1_18' title="bbox 905 3045 3015 3146; baseline 0.001 -20"><span class='ocrx_word' id='word_1_86' title='bbox 905 3065 1043 3140; x_wconf 79' lang='lat' dir='ltr'><strong>tes3</strong></span> <span class='ocrx_word' id='word_1_87' title='bbox 1073 3054 1398 3146; x_wconf 73' lang='lat' dir='ltr'><strong>itemque</strong></span> <span class='ocrx_word' id='word_1_88' title='bbox 1453 3045 1795 3124; x_wconf 85' lang='lat' dir='ltr'><strong>Moniales</strong></span> <span class='ocrx_word' id='word_1_89' title='bbox 1848 3052 1936 3126; x_wconf 83' lang='lat' dir='ltr'><strong>ab</strong></span> <span class='ocrx_word' id='word_1_90' title='bbox 1990 3051 2115 3126; x_wconf 87' lang='lat' dir='ltr'><strong>illa</strong></span> <span class='ocrx_word' id='word_1_91' title='bbox 2164 3065 2501 3127; x_wconf 86' lang='lat' dir='ltr'><strong>exeuntes</strong></span> <span class='ocrx_word' id='word_1_92' title='bbox 2552 3065 2748 3127; x_wconf 83' lang='lat' dir='ltr'><strong>extra</strong></span> <span class='ocrx_word' id='word_1_93' title='bbox 2804 3077 3015 3129; x_wconf 88' lang='lat' dir='ltr'><strong>casus</strong></span> 
     </span>
     <span class='ocr_line' id='line_1_19' title="bbox 909 3166 3018 3270; baseline 0.001 -22"><span class='ocrx_word' id='word_1_94' title='bbox 909 3194 996 3249; x_wconf 85' lang='lat' dir='ltr'><strong>ac</strong></span> <span class='ocrx_word' id='word_1_95' title='bbox 1056 3170 1343 3246; x_wconf 68' lang='lat' dir='ltr'><strong>tonnam</strong></span> <span class='ocrx_word' id='word_1_96' title='bbox 1397 3193 1438 3244; x_wconf 87' lang='lat' dir='ltr'><strong>a</strong></span> <span class='ocrx_word' id='word_1_97' title='bbox 1489 3167 1564 3244; x_wconf 88' lang='lat' dir='ltr'><strong>S.</strong></span> <span class='ocrx_word' id='word_1_98' title='bbox 1624 3167 1755 3246; x_wconf 88' lang='lat' dir='ltr'><strong>Pio</strong></span> <span class='ocrx_word' id='word_1_99' title='bbox 1819 3166 1903 3244; x_wconf 88' lang='lat' dir='ltr'><strong>V.</strong></span> <span class='ocrx_word' id='word_1_100' title='bbox 1970 3175 2047 3246; x_wconf 86' lang='lat' dir='ltr'><strong>in</strong></span> <span class='ocrx_word' id='word_1_101' title='bbox 2109 3168 2415 3248; x_wconf 89' lang='lat' dir='ltr'><strong>Constit.</strong></span> <span class='ocrx_word' id='word_1_102' title='bbox 2488 3169 2745 3248; x_wconf 69' lang='lat' dir='ltr'><strong>Decor-i</strong></span> <span class='ocrx_word' id='word_1_103' title='bbox 2806 3195 3018 3270; x_wconf 84' lang='lat' dir='ltr'><strong>prae-</strong></span> 
     </span>
     <span class='ocr_line' id='line_1_20' title="bbox 894 3292 1259 3394; baseline -0.011 -26"><span class='ocrx_word' id='word_1_104' title='bbox 894 3292 1259 3394; x_wconf 74' lang='lat' dir='ltr'><strong>scriptam.</strong></span> 
     </span>
    </p>
   </div>
   <div class='ocr_carea' id='block_1_8' title="bbox 1929 3433 2005 3565">
    <p class='ocr_par' dir='ltr' id='par_1_8' title="bbox 1929 3433 2005 3565">
     <span class='ocr_line' id='line_1_21' title="bbox 1929 3433 2005 3565; baseline 0 0"><span class='ocrx_word' id='word_1_105' title='bbox 1929 3433 2005 3565; x_wconf 78' lang='lat'><strong>7:</strong></span> 
     </span>
    </p>
   </div>
   <div class='ocr_carea' id='block_1_9' title="bbox 899 3652 3023 3876">
    <p class='ocr_par' dir='ltr' id='par_1_9' title="bbox 899 3652 3023 3876">
     <span class='ocr_line' id='line_1_22' title="bbox 1125 3652 3023 3750; baseline 0.004 -21"><span class='ocrx_word' id='word_1_106' title='bbox 1125 3652 1454 3735; x_wconf 78' lang='lat' dir='ltr'><strong>Mulieres</strong></span> <span class='ocrx_word' id='word_1_107' title='bbox 1504 3659 1845 3732; x_wconf 81' lang='lat' dir='ltr'><strong>violantes</strong></span> <span class='ocrx_word' id='word_1_108' title='bbox 1880 3653 2335 3750; x_wconf 80' lang='lat' dir='ltr'><strong>Regularium</strong></span> <span class='ocrx_word' id='word_1_109' title='bbox 2371 3659 2679 3733; x_wconf 86' lang='lat' dir='ltr'><strong>virorum</strong></span> <span class='ocrx_word' id='word_1_110' title='bbox 2732 3662 3023 3736; x_wconf 86' lang='lat' dir='ltr'><strong>clausu-</strong></span> 
     </span>
     <span class='ocr_line' id='line_1_23' title="bbox 899 3773 2697 3876; baseline -0.001 -22"><span class='ocrx_word' id='word_1_111' title='bbox 899 3796 1096 3863; x_wconf 87' lang='lat' dir='ltr'><strong>·ram,</strong></span> <span class='ocrx_word' id='word_1_112' title='bbox 1151 3788 1225 3854; x_wconf 87' lang='lat' dir='ltr'><strong>et</strong></span> <span class='ocrx_word' id='word_1_113' title='bbox 1277 3773 1688 3876; x_wconf 87' lang='lat' dir='ltr'><strong>Superiores</strong></span> <span class='ocrx_word' id='word_1_114' title='bbox 1742 3780 2019 3856; x_wconf 82' lang='lat' dir='ltr'><strong>aliosve·</strong></span> <span class='ocrx_word' id='word_1_115' title='bbox 2062 3799 2185 3854; x_wconf 90' lang='lat' dir='ltr'><strong>eas</strong></span> <span class='ocrx_word' id='word_1_116' title='bbox 2222 3779 2697 3854; x_wconf 78' lang='lat' dir='ltr'><strong>admittentes.</strong></span> 
     </span>
    </p>
   </div>
   <div class='ocr_carea' id='block_1_10' title="bbox 1946 4008 2025 4096">
    <p class='ocr_par' dir='ltr' id='par_1_10' title="bbox 1946 4008 2025 4096">
     <span class='ocr_line' id='line_1_24' title="bbox 1946 4008 2025 4096; baseline -0.025 0"><span class='ocrx_word' id='word_1_117' title='bbox 1946 4008 2025 4096; x_wconf 88' lang='grc'><strong>8.</strong></span> 
     </span>
    </p>
   </div>
   <div class='ocr_carea' id='block_1_11' title="bbox 921 4221 3033 4482">
    <p class='ocr_par' dir='ltr' id='par_1_11' title="bbox 921 4221 3033 4482">
     <span class='ocr_line' id='line_1_25' title="bbox 1139 4221 3033 4358; baseline 0.001 -22"><span class='ocrx_word' id='word_1_118' title='bbox 1139 4221 1322 4336; x_wconf 75' lang='lat' dir='ltr'><strong>Reos</strong></span> <span class='ocrx_word' id='word_1_119' title='bbox 1373 4261 1705 4340; x_wconf 71' lang='lat' dir='ltr'><strong>sunoniae</strong></span> <span class='ocrx_word' id='word_1_120' title='bbox 1762 4261 1967 4338; x_wconf 89' lang='lat' dir='ltr'><strong>realis</strong></span> <span class='ocrx_word' id='word_1_121' title='bbox 2030 4266 2104 4338; x_wconf 90' lang='lat' dir='ltr'><strong>in</strong></span> <span class='ocrx_word' id='word_1_122' title='bbox 2160 4261 2517 4340; x_wconf 79' lang='lat' dir='ltr'><strong>beneflciis</strong></span> <span class='ocrx_word' id='word_1_123' title='bbox 2578 4263 3033 4358; x_wconf 82' lang='lat' dir='ltr'><strong>quibuscum·-</strong></span> 
     </span>
     <span class='ocr_line' id='line_1_26' title="bbox 921 4383 1971 4482; baseline 0.001 -25"><span class='ocrx_word' id='word_1_124' title='bbox 921 4403 1092 4482; x_wconf 83' lang='lat' dir='ltr'><strong>que,</strong></span> <span class='ocrx_word' id='word_1_125' title='bbox 1145 4404 1528 4479; x_wconf 84' lang='lat' dir='ltr'><strong>eorumque</strong></span> <span class='ocrx_word' id='word_1_126' title='bbox 1581 4383 1971 4480; x_wconf 86' lang='lat' dir='ltr'><strong>complices.</strong></span> 
     </span>
    </p>
   </div>
  </div>
 </body>
</html>
