3292 5275
2325 463 2433 548 83

307 602 567 678 niensis
620 615 695 678 et
749 599 825 676 S.
868 599 1116 699 Angeli
1170 603 1754 699 quemadmodum
1812 606 1964 680 eius
2021 616 2423 682 antecessor

308 721 383 796 S.
440 721 689 817 Angeli
742 735 817 796 ct
872 719 1323 802 Urbaniensis
1376 723 1505 797 tuit
1568 726 2043 819 appellatus.-

518 838 952 939 Quapropter
980 839 1474 916 Sanctissimus
1504 833 1849 918 Dominus
1879 837 2133 918 Noster
2161 847 2244 920 ad
2273 871 2432 920 cor-

308 963 679 1054 rigendum
732 985 1045 1036 errorem
1098 965 1499 1039 inconsulto
1539 963 1902 1054 irreptum,
1925 974 2140 1058 atque
2178 988 2434 1060 quam-

306 1103 611 1176 cumque
682 1084 1371 1175 praenominationis
1447 1083 2082 1182 aequivocationem
2152 1098 2296 1158 tum
2351 1089 2428 1160 in

306 1201 709 1297 provisione
761 1205 1116 1295 praesenti
1173 1226 1335 1276 cum
1391 1203 1465 1273 in
1524 1203 1800 1290 futuriS,
1850 1205 1934 1274 de
1992 1198 2173 1276 Suae
2229 1203 2430 1301 Apo-

308 1323 599 1394 stolicae
652 1323 1017 1416 potestatis
1073 1324 1509 1418 plenitudine
1566 1323 1700 1396 hoc
1740 1322 1947 1395 iussit
1983 1326 2229 1396 referri
2270 1325 2432 1399 vul-

304 1443 593 1537 garique
624 1437 1119 1516 Consistoriale
1147 1439 1523 1514 Decretum
1557 1443 2060 1516 declarationis
2091 1455 2162 1516 et
2191 1467 2428 1519 emen-

304 1563 611 1636 dationis
669 1573 811 1636 tum
864 1563 1117 1636 erroris
1174 1575 1389 1657 atque
1448 1563 2060 1658 aequivocationis
2098 1586 2428 1658 suprare-

308 1685 519 1768 latae,
578 1705 741 1756 cum
796 1684 882 1754 ad
938 1696 1343 1776 perpetuam
1400 1684 1499 1755 rei
1574 1683 2098 1756 observantiam
2152 1697 2228 1758 et
2282 1709 2430 1760 me-

302 1806 599 1878 moriam
637 1803 927 1896 perinde
962 1805 1377 1884 valiturum,
1408 1827 1495 1876 ac
1532 1807 1590 1876 si
1623 1804 1698 1876 in
1731 1803 1798 1874 id
1833 1807 2091 1878 alterae
2122 1803 2428 1898 Aposto-

304 1924 479 1996 licae
507 1921 815 1996 Litterae
872 1924 1023 1998 sive
1080 1925 1209 1996 sub
1262 1925 1579 2018 plumbo,
1612 1924 1760 1996 sive
1817 1927 1894 1998 in
1931 1928 2144 1998 forma
2171 1921 2424 2002 Brevis

304 2046 609 2118 fuissent
661 2065 1009 2138 expresse
1064 2046 1495 2138 expeditam
1548 2047 1924 2118 contrariis
1987 2047 2202 2120 etiam
2255 2047 2430 2141 qni-

301 2167 741 2260 buscumquo
775 2167 1060 2238 minime
1090 2167 1571 2249 obstantibus,
1604 2167 1716 2239 vel
1747 2167 1852 2237 eis
1889 2167 1978 2239 ad
2015 2168 2148 2240 hoc
2185 2181 2430 2262 qnate-

304 2307 439 2360 nus
494 2309 671 2380 opus
722 2287 963 2376 suerit,
998 2285 1285 2379 speciali
1322 2307 1607 2380 quoque
1663 2287 1861 2364 illata
1919 2289 2366 2380 derogatione
2391 2309 2418 2378 ς

303 2407 595 2502 proinde
634 2411 705 2480 in
732 2403 926 2481 Actis
956 2404 1213 2480 Sacrae
1248 2399 1611 2481 buiusmet
1640 2401 2218 2501 Congregationis
2256 2431 2428 2504 per-

304 2539 521 2624 petuo
575 2530 928 2603 asservari
984 2529 1365 2602 mandavit.

514 2646 771 2725 Datum
798 2646 1059 2723 Romae
1114 2650 1241 2723 hac
1278 2650 1393 2723 die
1430 2652 1643 2723 tertia
1684 2652 1948 2723 mensis
1985 2648 2420 2743 Septembris

303 2793 495 2847 anno
545 2784 911 2865 reparatae
968 2771 1323 2845 bominum
1362 2771 1609 2845 salutis
1646 2772 2016 2846 millesimo
2053 2773 2420 2865 octingen-

304 2896 557 2968 tesimo
609 2896 1129 2989 septuagesimo
1184 2892 1517 2966 secundo.

619 3130 955 3208 Rooruuvs
1008 3128 1551 3209 Amici-Murci
1608 3128 2020 3207 Patriarcha
2075 3131 2422 3207 Constan-

726 3256 1013 3349 tinopol.
1093 3252 1167 3327 S.
1234 3250 1819 3347 congregationis
1891 3250 2422 3327 Consistorialis

725 3400 769 3451 a
822 3374 1148 3451 Secretis.

299 3616 625 3713 offis,
