3292 5275
327 644 554 740 gionis
609 644 1092 739 provehendae
1131 644 1391 732 studio,
1431 654 1506 719 et
1545 646 2012 739 sempiternae
2050 648 2437 724 annuarum

329 764 576 839 salutis
631 764 1103 840 sollicitudine
1165 786 1610 861 summopere
1686 768 2240 855 commendatur,
2294 765 2439 843 No·—

329 884 494 957 stris
531 886 752 971 curis,
785 907 861 957 ae
897 885 1262 957 desideriis
1302 888 1729 979 respondens
1765 886 2051 961 huiusce
2086 884 2435 964 Missionis

325 1007 892 1099 procurationem
945 1008 1291 1099 suscipere
1346 1028 1483 1080 non
1538 1008 1798 1094 renuit,
1832 1006 2205 1081 dummodo
2242 1009 2435 1083 illam

327 1126 392 1198 ei
429 1128 844 1201 auctoritate
883 1122 1132 1200 Nostra
1185 1127 1732 1216 committamus3
1770 1128 1902 1200 sibi
1938 1127 2129 1201 enim
2174 1128 2435 1203 laxanti

325 1247 401 1319 in
438 1249 660 1321 verbo
713 1242 971 1319 Nostro
1025 1256 1204 1333 rete,
1239 1246 1404 1319 licet
1457 1268 1735 1341 graves,
1774 1259 1847 1320 et
1902 1248 2162 1323 multae
2201 1250 2432 1323 adsint

326 1367 800 1454 difficultates,
853 1366 1085 1439 omnia
1137 1365 1463 1453 feliciter,
1505 1389 1588 1441 ac
1625 1389 1957 1462 prospere
1993 1370 2068 1443 in
2114 1371 2433 1443 eiusdem

325 1482 678 1561 Missionis
728 1488 1014 1572 bonum,
1072 1500 1144 1561 et
1197 1488 1632 1561 commodum
1696 1510 1981 1564 cessura
2041 1490 2423 1582 pollicetur.

325 1602 520 1695 Quae
571 1626 730 1685 cum
782 1608 880 1681 ita
935 1609 1107 1694 sint,
1159 1609 1394 1683 audito
1447 1620 1610 1693 voto
1683 1609 1914 1681 dilecti
1964 1609 2090 1683 filii
2164 1606 2431 1684 Summi

324 1724 846 1803 Dominicianae
901 1725 1235 1802 Familiae
1273 1724 1609 1819 Magistri,
1650 1731 1770 1823 qui
1828 1725 1987 1828 (etsi
2043 1732 2432 1805 rationabi-

323 1849 510 1923 libus
549 1850 894 1923 adductus
931 1851 1162 1923 causis
1199 1850 1329 1922 hac
1366 1871 1577 1944 super
1614 1870 1692 1921 re
1730 1852 2012 1941 passive
2052 1872 2128 1924 se
2156 1848 2428 1949 habuit)

323 1971 453 2044 hoc
510 1982 748 2044 tamen
811 1926 1183 2045 censilium
1259 1970 1611 2062 probavit,
1678 1970 2030 2065 rebusque
2104 1972 2431 2047 omnibus

321 2112 482 2164 eum
537 2088 1062 2165 venerabilibus
1113 2088 1486 2165 Fratribus
1542 2086 1817 2165 Nostris
1872 2088 1946 2163 S.
1992 2088 2084 2165 R.
2128 2088 2215 2164 E.
2257 2085 2431 2165 Car-

321 2212 670 2286 dinalibus
723 2205 1130 2285 Christiano
1183 2213 1444 2285 nomini
1502 2212 1947 2305 propagando
2010 2214 2426 2307 praepositis

321 2344 598 2407 mature
635 2335 1028 2427 perpensis,
1069 2331 1156 2403 de
1195 2332 1592 2405 eorumdem
1646 2326 1971 2406 Fratrum
2012 2329 2427 2408 Nostrorum

321 2455 616 2527 consilio
670 2454 744 2525 in
799 2476 948 2525 eam
1028 2463 1328 2525 mentem
1408 2453 1761 2539 venimuS,
1816 2464 1897 2528 ut
1959 2455 2429 2547 supradictam

323 2568 734 2650 Missionem
785 2570 1237 2649 Hellandicae
1320 2572 1612 2667 praefati
1686 2569 1969 2648 Ordinis
2022 2570 2427 2650 Provinciae

323 2697 934 2783 concrederemuS,
974 2707 1164 2769 certa
1201 2717 1322 2788 spe
1359 2697 1520 2768 freti
1557 2695 1730 2781 fore,
1766 2706 1845 2767 ut
1880 2697 2081 2770 dives
2118 2697 2193 2768 in
2220 2698 2428 2770 mise-

324 2821 624 2893 ricordia
677 2813 868 2892 Deus
925 2838 1165 2890 omnes
1221 2816 1556 2890 dissolvat
1619 2815 2093 2904 difficultates,
2143 2828 2216 2889 et
2270 2816 2427 2892 illo-

323 2963 476 3013 rum
511 2939 816 3013 fidelium
853 2919 1180 3032 precibus
1218 2949 1542 3012 exoratus
1580 2938 1817 3012 omnia
1854 2938 2081 3011 eidem
2118 2934 2425 3012 Missioni

323 3061 714 3155 spiritualia
768 3060 979 3142 dona,
1033 3059 1421 3146 commoda,
1475 3072 1549 3132 et
1585 3061 2015 3131 incrementa
2068 3058 2419 3151 largiatur.

321 3178 559 3270 Quare
615 3179 1032 3254 auctoritate
1085 3173 1342 3251 Nostra
1396 3173 1802 3272 Apostolica
1856 3178 2107 3251 harum
2158 3177 2428 3252 littera-

324 3323 480 3376 rum
534 3303 610 3375 vi
665 3297 1062 3373 Missionem
1113 3299 1200 3372 de
1255 3295 1568 3387 Curaeao
1608 3301 1682 3370 in
1738 3295 2065 3370 America
2118 3295 2427 3393 Septem-

321 3423 604 3496 trionali
643 3423 938 3516 positam
975 3415 1492 3494 Dominicianae
1530 3417 1949 3494 Provinciae
1978 3412 2423 3493 Hollandieae

319 3544 796 3629 concedimuS,
842 3551 914 3612 et
967 3543 1495 3614 demandamus.
1527 3536 1761 3630 ‘Quod
1840 3558 2012 3611 vero
2092 3539 2177 3610 ad
2256 3543 2421 3614 novi

321 3665 639 3738 eiusdem
693 3659 1044 3735 Missionis
1082 3658 1346 3735 Vicarii
1399 3657 1783 3754 Apostolici
1836 3661 2192 3733 delectum
2228 3659 2427 3734 volu-

319 3805 497 3868 mus,
555 3805 635 3854 ac
689 3782 1190 3875 praecipimus,
1247 3791 1326 3855 ut
1381 3801 1495 3854 res
1551 3793 1799 3872 agatur
1850 3802 1893 3854 a
1947 3779 2213 3852 dilectis
2264 3778 2423 3853 filiis

321 3900 648 3996 Magistro
700 3899 1054 3988 Generafi,
1110 3916 1185 3973 et
1236 3899 1659 3976 Provinciali
1714 3898 1997 3975 Ordinis
2050 3894 2426 3976 Praedica-

319 4037 582 4110 torum,
621 4023 740 4118 qui
784 4024 1056 4097 collatis
1091 4024 1402 4098 consiliis
1439 4025 1729 4098 idoneos
1781 4020 1997 4097 Nobis
2053 4025 2426 4099 exhibeant

317 4147 539 4232 viroS,
596 4156 677 4218 ut
729 4165 814 4218 ex
865 4145 980 4231 iis,
1020 4165 1230 4240 quem
1282 4145 1356 4218 in
1409 4140 1703 4219 Domino
1750 4146 2023 4238 dignum
2078 4145 2425 4220 iudicave-

318 4265 552 4352 rimus,
580 4266 890 4340 eiusdem
943 4261 1296 4340 Missionis
1331 4262 1694 4341 Vicarium
1728 4262 1785 4339 A
1795 4269 2211 4361 postolieum
2246 4263 2424 4362 Epi-

316 4389 578 4483 scopali
613 4389 1015 4462 charactere
1051 4389 1458 4482 insignitum
1493 4390 2013 4466 constituamus·
2056 4384 2246 4463 Haec
2262 4477 2267 4485 ι
2283 4411 2421 4465 vo-
