3292 5275
816 441 974 524 354

816 582 1285 674 adsignamus,
1318 585 1575 676 partim
1612 582 2126 684 quamprimum
2157 584 2230 656 in
2267 597 2620 680 posterum
2667 587 2932 658 cousti-

814 714 1121 788 tuemuS,
1159 701 1401 776 confisi
1456 705 1632 790 fore,
1675 717 1754 780 ut
1783 700 1966 797 lpse,
2003 704 2122 800 qui
2178 699 2396 779 Nobis
2442 705 2928 778 auctoritatem

812 825 1113 896 contulit
1145 834 1214 895 et
1251 821 1559 897 officium
1596 823 2071 909 demandavit,
2097 835 2388 918 propter
2425 823 2770 896 infinitam
2797 826 2930 896 mi-

813 942 1265 1016 sericordiam
1321 965 1549 1030 suam,
1614 944 1944 1018 omnihus
2007 943 2564 1028 difficultatibus,
2619 943 2680 1016 si
2740 965 2926 1040 quae

810 1061 975 1134 huic
1014 1057 1245 1166 Nostri
1284 1061 1654 1136 ministerii
1697 1064 1894 1158 operi
1943 1064 2195 1157 opponi
2261 1065 2550 1153 vellent,
2603 1063 2920 1150 remotis,

809 1182 999 1256 curis
1053 1182 1244 1256 hisce
1299 1177 1573 1257 Nostris
1626 1206 1750 1278 pro
1811 1183 2166 1276 spirituali
2249 1184 2652 1258 animarum
2695 1185 2924 1258 salute

810 1304 1019 1376 unice
1076 1305 1443 1397 susceptiS,
1473 1303 1850 1377 benedicat
1915 1314 2124 1398 atque
2187 1303 2638 1378 obsecundet.
2694 1299 2923 1382 Simul

808 1436 1043 1498 autem
1096 1444 1330 1498 coram
1394 1426 1720 1532 universa
1787 1419 2102 1498 Ecclesia
2185 1435 2654 1520 protestamur
2683 1475 2706 1510 ,
2780 1422 2921 1500 Nos

806 1547 1175 1618 cautiones
1226 1567 1375 1628 eaS,
1428 1567 1609 1642 quae
1666 1545 2108 1644 quarentiyie
2143 1547 2608 1640 appellantur,
2671 1569 2924 1640 quem-

806 1665 1173 1739 admodum
1211 1665 1278 1740 in
1307 1667 1565 1740 litteris
1618 1661 1891 1741 Nostris
1947 1666 2324 1760 encyclicis
2360 1667 2474 1739 die
2528 1662 2678 1738 XV.
2748 1662 2920 1740 Maii

808 1784 932 1860 hoc
986 1808 1171 1860 anno
1226 1787 1406 1859 datis
1441 1787 1838 1864 luculenter
1873 1789 2247 1871 ediximus,
2307 1789 2588 1860 omnino
2627 1807 2924 1882 respue-

804 1927 907 1992 re,
965 1920 1037 1980 et
1092 1919 1331 2001 aperte
1386 1906 1822 1982 declaramus
1851 1957 1872 1994 ,
1931 1903 2073 1980 Nos
2103 1955 2128 1992 ,
2195 1910 2268 1980 in
2325 1908 2450 1980 hac
2505 1909 2922 2002 gravissima

804 2037 997 2119 parte
1052 2023 1498 2120 Apostolatus
1553 2023 1789 2101 Nostri
1837 2028 2248 2112 exercenda,
2289 2039 2636 2120 potestate
2677 2029 2780 2100 uti
2831 2028 2920 2101 ab

802 2143 962 2239 Ipso
1016 2150 1290 2233 collata,
1336 2147 1455 2242 qui
1510 2157 1617 2220 est
1670 2144 2038 2222 Pastorum
2094 2141 2430 2241 Princeps
2493 2161 2566 2220 et
2627 2143 2921 2239 Episeoe

802 2287 935 2358 pus
991 2265 1381 2341 animarum
1438 2279 1853 2355 nostrarum,
1919 2269 2185 2341 scilicet
2239 2279 2586 2363 potestate
2651 2289 2694 2339 a
2759 2264 2916 2340 Iesu

800 2381 1080 2460 Christo
1117 2382 1418 2461 Domino
1454 2382 1712 2462 Nostro
1745 2384 1959 2460 Nobis
2000 2388 2252 2462 tradita
2293 2390 2365 2460 in
2403 2409 2692 2482 persona
2739 2383 2920 2464 Bea-

799 2503 1050 2580 tissimi
1105 2503 1323 2592 Petri,
1382 2529 1427 2579 a
1480 2531 1645 2606 quo,
1700 2521 1780 2580 ut
1833 2507 1934 2581 ait
1979 2489 2070 2581 S]
2112 2505 2558 2585 Innocentius
2612 2504 2918 2584 Praede-

798 2648 1027 2701 cessor
1064 2621 1344 2715 Noster,
1385 2626 1535 2727 ipse
1572 2625 2040 2734 Episcopatus
2071 2643 2140 2702 et
2194 2642 2338 2703 toto
2379 2628 2761 2705 auctoritas
2795 2654 2916 2705 no·

798 2745 1011 2821 minis
1063 2744 1276 2821 huius
1326 2749 1614 2823 emersit
1669 2746 1800 2848 (1).

1012 2862 1163 2941 Hae
1218 2892 1388 2942 vero
1429 2870 1796 2944 occasione
1835 2869 2116 2946 silentio
2155 2872 2538 2965 praeterire
2577 2893 2718 2947 non
2755 2896 2916 2967 pos-

799 3010 1046 3065 sumus
1079 2992 1365 3083 impiam
1401 2993 1854 3085 quorumdam
1886 2992 2244 3065 hominum
2283 2994 2352 3064 in
2389 2994 2529 3067 alia
2583 2989 2910 3087 Europae

797 3110 1085 3203 regione
1144 3112 1613 3199 temeritatem
1670 3126 1742 3185 ct
1796 3115 2354 3206 perversitatem,
2393 3116 2515 3207 qui
2571 3136 2612 3187 a
2669 3118 2910 3209 regula

795 3244 871 3304 et
906 3233 1401 3307 communione
1456 3228 1863 3308 Catholicae
1901 3230 2264 3307 Ecclesiae
2319 3236 2574 3307 misere
2611 3235 2911 3309 devian-

796 3364 931 3437 teS,
988 3365 1133 3425 tum
1187 3352 1447 3425 libellis
1502 3354 1692 3425 omni
1749 3372 2070 3425 errorum
2122 3366 2192 3427 et
2229 3354 2750 3430 mendaciorum
2787 3378 2910 3450 ge·-

796 3494 963 3545 nere
1039 3471 1313 3545 refertis
1336 3520 1365 3561 ‚
1427 3484 1567 3543 tum
1620 3472 1976 3567 sacrilegis
2059 3476 2246 3547 inter
2311 3496 2386 3549 se
2441 3477 2908 3551 conventibus

791 3591 1194 3677 celebratis,
1234 3590 1455 3685 palam
1491 3592 1904 3687 impugnant
1941 3594 2430 3668 auctoritatem
2477 3600 2902 3669 sacrosancti

793 3711 1225 3787 oecumenici
1280 3707 1589 3785 Vaticani
1665 3709 1994 3796 Concilii,
2057 3715 2534 3811 veritatesque
2597 3714 2758 3789 fidei
2814 3718 2906 3791 ab

792 3834 1035 3907 eodem
1093 3832 1503 3907 solemniter
1556 3833 1938 3907 declaratas
1973 3846 2047 3907 et
2082 3834 2430 3923 definitas;
2465 3856 2548 3909 ac
2589 3857 2908 3928 praeser-

796 3956 925 4026 tim
980 3974 1373 4049 supremam
1430 3976 1511 4029 ac
1568 3955 1848 4048 plenam
1900 3955 2406 4029 iurisdictionis
2445 3967 2902 4049 potestatem,

796 4095 1005 4171 quam
1060 4070 1414 4147 Romanus
1466 4069 1796 4149 Pontifex
1850 4070 2248 4149 Beatissimi
2287 4070 2481 4149 Petri
2537 4098 2906 4153 successor

950 4326 1033 4427 11)
1074 4328 1279 4423 Epist.
1326 4332 1404 4403 ad
1448 4330 1645 4403 eone.
1693 4330 2065 4425 Carthagini.
