3292 5275
2365 477 2520 560 385

1321 705 1613 778 Cisouss

965 891 1027 960 1.
1078 893 1164 958 De
1209 893 1335 958 Deo
1378 914 1593 958 rerum
1631 893 1911 958 omnium
1949 901 2248 960 creatore.
2337 914 2371 952 »
2411 886 2528 958 19⁰

966 988 1028 1052 2.
1074 986 1166 1051 De
1207 986 1581 1052 revelatione
1598 1033 1613 1048 .
1786 1033 1801 1047 .
1970 1033 1985 1046 .
2155 1032 2171 1048 .
2339 1007 2371 1042 >2
2409 981 2526 1048 191

966 1079 1030 1146 3.
1075 1079 1167 1147 De
1211 1079 1369 1146 Fide
1412 1125 1429 1142 .
1596 1127 1613 1143 .
1783 1127 1798 1140 .
1969 1127 1984 1142 .
2153 1125 2168 1142 .
2335 1100 2372 1140 n
2408 1074 2534 1143 192

965 1172 1025 1243 4.
1071 1173 1163 1238 De
1210 1173 1367 1238 Fide
1406 1183 1463 1238 et
1504 1173 1748 1238 ratione
1781 1221 1796 1236 .
1965 1222 1980 1236 .
2151 1221 2168 1236 .
2335 1195 2370 1232 κ
2407 1168 2530 1238 193

418 1364 701 1431 Litterae
728 1365 807 1428 ad
832 1365 1147 1428 Armenos
1189 1362 1543 1426 catholicos
1588 1361 2074 1426 patriarchatus
2103 1360 2367 1428 Ciliciae

496 1495 525 1507 -
578 1458 721 1536 Qud
760 1458 1126 1540 impensiore
1168 1455 1375 1521 studio
1416 1490 1446 1503 ·
1484 1456 1587 1520 die
1612 1453 1696 1522 20
1725 1458 1896 1520 maii.
1943 1455 2374 1521 Vehementer

496 1554 673 1618 dolet
722 1571 941 1616 omnes
981 1551 1449 1616 sollicitudines
1491 1568 1641 1614 suas
1685 1560 1752 1614 et
1793 1553 1993 1632 ipsam
2023 1551 2378 1632 delegatio-

498 1665 642 1710 nem
697 1644 1177 1726 Archiepiscopi
1228 1641 1553 1724 Thyanaei
1611 1645 1676 1706 in
1723 1645 1981 1709 civitate
2011 1643 2374 1708 Constanti-

498 1741 810 1820 nopoleos
838 1757 957 1820 pro
1002 1737 1327 1802 medendis
1371 1737 1643 1800 dissidiis
1681 1739 1850 1801 inter
1890 1737 2242 1801 catholicos
2292 1737 2373 1799 il-

495 1834 623 1898 lius
646 1831 1127 1896 patriarchatus
1156 1831 1453 1894 excitatis
1486 1831 1548 1893 in
1594 1832 1851 1893 irritum
1883 1832 2166 1894 cessisse.
2200 1827 2366 1895 Gra-

500 1929 749 1992 tulatur
790 1927 863 1988 iis
890 1924 1255 1988 ·Armeniae
1300 1923 1670 2004 catholicis,
1723 1926 1834 2008 qui
1884 1923 2372 1988 difficultatibus

497 2028 565 2084 et
614 2020 919 2102 periculis
948 2019 1357 2097 circumsepti
1398 2020 1479 2080 ah
1534 2018 1748 2081 officio
1793 2037 1922 2082 non
1969 2017 2368 2097 defecerunt3

498 2115 753 2177 eosdem
802 2113 1143 2188 hortatur,
1195 2119 1269 2174 ut
1315 2129 1352 2173 a
1396 2113 1611 2192 pravis
1660 2112 2006 2176 rebellium
2055 2111 2374 2193 exemplis

500 2213 865 2272 constanter
894 2206 1307 2285 abhorreant3
1337 2212 1562 2269 contra
1610 2223 1767 2268 vero
1813 2207 2372 2286 perturbationum

500 2308 798 2364 auctores
843 2299 1087 2362 debitas
1138 2317 1378 2381 poenas
1425 2300 1784 2377 minitatur,
1838 2300 1890 2362 si
1944 2301 2009 2364 in
2058 2318 2178 2364 sua
2225 2317 2371 2382 per-

504 2397 748 2460 vicacia
807 2394 1247 2475 perstiterint.
1418 2439 1433 2454 .
1602 2441 1617 2454 .
1789 2441 1804 2456 .
1974 2438 1988 2455 .
2157 2440 2170 2455 .
2346 2415 2378 2454 »
2417 2390 2540 2459 195

420 2584 699 2650 Litterae
726 2582 1136 2666 Apostolicae
1164 2582 1285 2647 sub
1316 2583 1557 2646 annulo
1590 2580 1936 2647 Piscatoris
1982 2616 2013 2630 -·
2053 2581 2163 2647 Ex
2207 2603 2372 2647 com-

500 2678 677 2741 missi
716 2674 907 2741 Nobis
946 2676 1023 2751 ab
1064 2676 1191 2739 alto
1232 2708 1262 2722 ·
1304 2675 1404 2739 die
1434 2672 1513 2741 14
1543 2676 1726 2739 iunii.
1761 2673 1858 2739 De
1906 2676 2230 2741 erectione
2267 2673 2380 2739 Se·

501 2772 595 2834 dis
626 2766 1027 2853 Episcopalis
1056 2764 1473 2850 Campit'ontis
1514 2788 1631 2833 seu
1675 2767 2012 2851 Sprigfield
2043 2772 2108 2833 in
2137 2768 2380 2834 ditione

502 2864 1032 2945 Massachusetts3
1071 2882 1266 2944 quam
1296 2859 1523 2927 Sedem
1572 2863 2048 2945 suffraganeam
2099 2863 2384 2945 assignat

504 2956 824 3042 Episcopo
876 2955 1440 3023 Neo-Eboracensi
1612 3004 1627 3019 .
1797 3004 1812 3017 .
1982 3004 1995 3017 .
2166 3003 2181 3018 .
2350 2982 2384 3019 ›>
2422 2954 2544 3024 m

423 3145 675 3214 Similes
730 3144 924 3211 Petro
976 3144 1227 3211 Mariae
1296 3144 1617 3228 Episcopo
1665 3138 1990 3211 O'riolensi
2051 3164 2169 3209 seu
2219 3143 2378 3210 Alo-

503 3242 705 3305 niensi
746 3274 777 3286 -
816 3238 1273 3321 Eua-ponendum
1320 3237 1630 3303 curavisti
1668 3271 1698 3284 ·
1738 3238 1839 3302 die
1865 3234 1948 3303 12
1979 3239 2164 3316 iunii,
2215 3258 2376 3320 qua-

504 3354 647 3399 rum
680 3335 742 3401 vi
769 3331 1215 3398 Oriolensihus
1238 3330 1571 3416 Episcopis
1598 3332 1974 3407 conceditur
2001 3333 2276 3398 facultas
2305 3336 2372 3397 in

503 3429 787 3493 absentia
812 3424 1113 3490 Fratrum
1136 3424 1645 3489 Karmelitarum
1669 3426 2069 3507 impertiendi
2099 3436 2371 3508 quotan-

504 3524 601 3587 nis
635 3522 739 3585 die
766 3516 927 3584 xvi
958 3522 1101 3584 iulii
1138 3518 1654 3585 Benedictionem
1695 3520 2136 3601 Apostolicam
2179 3522 2240 3585 in
2270 3540 2376 3587 ec-

504 3617 698 3680 clesia
748 3612 1257 3680 Karmelitarum
1302 3613 1499 3680 Tertii
1545 3612 1824 3679 Ordinis.
1993 3660 2008 3677 .
2161 3660 2175 3677 .
2346 3637 2378 3677 »
2419 3612 2539 3683 ffl5

426 3804 813 3875 constitutio
844 3799 1225 3885 Dogmatica
1254 3803 1459 3885 prima
1498 3804 1577 3869 de
1620 3798 1913 3869 Ecclesia
1935 3800 2172 3869 Christi
2211 3803 2384 3869 edita

506 3902 571 3964 in
617 3896 909 3965 Sessione
950 3906 1185 3979 quarta
1226 3896 1626 3964 Sacrosancti
1658 3897 2072 3963 Oecumenici
2103 3896 2380 3965 Concilii

504 3990 801 4059 Vaticani
842 4024 869 4041 ·
914 3990 1144 4055 Pastor
1186 4002 1477 4057 aeternus
1513 4024 1544 4041 ο
1586 3993 1690 4057 die
1737 3990 1816 4058 18
1863 3993 2006 4057 iulii
2161 4038 2176 4055 .
2347 4014 2380 4051 n
2421 3986 2540 4058 2⁰7

670 4083 884 4169 Caput
924 4083 975 4148 1.
1018 4084 1111 4149 De
1152 4084 1493 4167 Apostolici
1535 4084 1867 4151 Primatas
1909 4086 1980 4149 in
2029 4080 2220 4151 Beato
2266 4084 2386 4153 Pe-

826 4188 927 4243 tro
972 4176 1365 4243 institutione
1432 4228 1445 4243 .
1614 4226 1629 4243 .
1799 4224 1816 4241 .
1985 4224 2000 4241 .
2169 4222 2184 4243 .
2353 4201 2386 4240 n
2425 4175 2547 4247 ωδ

911 4270 995 4339 11.
1038 4270 1130 4339 De
1162 4272 1571 4359 perpetuitate
1600 4273 1932 4343 Primatus
1981 4269 2164 4341 Beati
2208 4272 2387 4343 Petri

832 4366 901 4435 in
946 4362 1252 4435 Romanis
1294 4364 1708 4453 Pontificibus
1803 4414 1818 4433 .
1989 4414 2004 4431 .
2171 4414 2186 4433 .
2355 4390 2388 4431 n
2427 4361 2547 4437 210

1911 4476 2014 4561 25
