3292 5275
753 494 758 499 ’
895 494 998 577 86

895 634 1176 726 eiusque
1229 630 1655 715 doctrinam,
1715 631 2027 725 pluribus
2082 634 2377 708 noecndi
2430 634 2672 727 opibus
2730 632 3001 725 polle-s

893 751 1229 845 impietas.
1287 747 1727 844 Quapropter
1780 751 2249 845 praecipimus
2304 752 2622 827 omnibus
2649 766 2725 825 et
2760 754 3006 843 singu-

895 872 986 946 lis
1037 868 1399 958 PetrihuS,⁸
1437 868 1857 945 officialibus
1910 867 2236 960 concilii,
2290 867 2695 964 TheologiS,
2746 868 3003 945 Sacro-

895 1012 1054 1067 rum
1087 988 1450 1065 canonum
1477 988 1767 1075 Pei-itis,
1824 992 2285 1085 eaeterisque,
2322 994 2449 1085 qui
2486 994 3005 1085 owramsu'am

895 1107 1226 1184 Patribus
1279 1113 1398 1185 vel
1449 1112 1863 1187 officialibus
1921 1110 2301 1205 praedietis
2352 1114 2613 1205 quovis
2660 1114 2873 1185 -modo
2928 1115 3003 1184 in

897 1231 1108 1305 rebus
1179 1231 1388 1313 huius
1445 1229 1745 1305 Concilii·
1794 1234 2182 1324 praebent,
2261 1242 2343 1304 ut
2404 1233 2687 1308 decreta
2740 1244 2813 1305 et
2862 1234 3009 1306 alia

895 1354 1396 1445 quaecumque,
1433 1370 1616 1444 quae
1670 1351 1763 1425 iis.
1806 1352 2278 1425 examinanda
2304 1364 2839 1445 proponentur,
2874 1374 3015 1426 nec

898 1492 1031 1545 non
1084 1470 1550 1563 disegnsiones
1587 1484 1660 1543 et
1692 1472 2119 1561 singulorum
2172 1474 2557 1543 sententias
2612 1493 2753 1547 non
2796 1474 3016 1547 evul-

899 1604 1064 1685 gent
1089 1639 1134 1672 ,.
1175 1611 1304 1663 nee
1335 1600 1342 1607 ’
1379 1592 1589 1665 alicui
1654 1604 1849 1665 extra
1914 1591 2251 1682 gremium
2315 1588 2607 1663 Goncilii
2676 1594 3009 1685 pandant.

899 1709 1380 1803 Praecipimus
1415 1713 1679 1805 pariter
1716 1723 1797 1784 ut
1832 1708 2177 1783 officiales
2212 1706 2539 1796 Con'eilii,
2578 1714 2697 1806 qui
2734 1714 3015 1804 episco-

901 1834 1046 1927 pali
1103 1833 1436 1924 dignitate
1487 1832 1789 1926 praediti
1836 1838 1995 1905 non'
2028 1842 2217 1914 sunt,
2276 1832 2533 1927 aliique
2586 1853 2862 1919 omnes,
2892 1836 3011 1928 qui

902 1956 1176 2029 ratione
1231 1952 1536 2028 cuiusvis
1589 1952 1987 2025 demandati
2044 1974 2085 2021 a
2138 1946 2351 2025 Nobis
2404 1953 2777 2026 ministerii
2816 1950 3015 2029 Con-

903 2076 1256 2152 ciliarihus
1309 2072 1921 2167 disceptationibus
1978 2070 2319 2145 inservire
2346 2074 3017 2159 debent,.iu1·amen·

902 2208 1050 2267 tum
1095 2196 1422 2269 emittere
1447 2204 1813 2267 teneantur
1842 2192 1929 2265 de
1958 2212 2245 2266 munere
2299 2192 2604 2266 fideliter
2656 2194 3013 2281 obeundo,

903 2326 996 2389 et
1035 2316 1124 2388 de
1175 2317 1430 2389 secreti
1483 2314 1618 2387 fi'de
1672 2313 2017 2389 servanda
2042 2312 2227 2387 eirca
2264 2336 2347 2386 ea
2376 2314 2613 2389 omnia
2666 2336 2847 2407 quae
2896 2337 3017 2388 su-

905 2458 1032 2530 pra
1087 2436 1504 2530 praescripta
1547 2447 1735 2517 stant,
1796 2452 1927 2507 nee
1972 2454 2111 2506 uon
2162 2454 2377 2527 snper
2420 2436 2507 2506 iis
2559 2434 2795 2519 rebuS,
2830 2456 3017 2529 qnae

905 2555 1298 2651 specialiter
1351 2558 1520 2652 ipsis
1573 2555 2118 2629 committantur.

1894 2793 2012 2866 lv.

1017 3037 1123 3116 De
1175 3037 1422 3114 ordine
1473 3035 1787 3122 sedendi,
1816 3051 1897 3112 et
1934 3036 2023 3110 de
2076 3061 2217 3112 non
2274 3035 2641 3137 inferendo
2696 3034 2916 3112 alicui

1717 3157 2189 3256 praeiudicio.

1120 3402 1298 3478 Cum
1351 3405 1441 3476 ad
1499 3404 2076 3497 tranquillitatem
2128 3402 2717 3493 concordiamque
2764 3401 3028 3472 animo-

913 3547 1069 3600 rum
1113 3525 1445 3598 tuendam
1477 3546 1610 3596 non
1641 3545 1886 3617 parum
1941 3524 2279 3594 momenti
2336 3521 2621 3604 habeat,
2664 3523 2722 3593 si
2764 3519 2831 3591 in
2867 3521 3033 3614 qui-

911 3646 1215 3719 buslibet
1253 3639 1765 3717 Coneiliaribus
1820 3641 2123 3725 actibus»,
2180 3642 2665 3735 unusquisque
2705 3660 2879 3713 suae
2926 3641 3033 3711 di-

913 3767 1199 3857 gnitatis
1231 3765 1550 3836 ordinem
1603 3761 1905 3834 fideliter
1942 3783 2023 3833 ae
2060 3761 2369 3834 modeste
2418 3761 2815 3832 custodiat:
2864 3761 3033 3832 binc

915 3887 1001 3958 ad
1053 3885 1514 3958 offensionum
1569 3883 1979 3954 occasiones
2002 3929 2025 3965 ‚
2080 3882 2315 3974 quoad
2366 3881 2521 3953 eius
2576 3879 2729 3952 fieri
2784 3881 3033 3971 possit,

909 4004 1440 4101 praecidendas,
1481 4002 1967 4096 iniraseiptnm
2004 4001 2321 4074 ordinem
2358 4000 2544 4072 inter
2580 3997 2899 4072 diversas
2934 3999 3037 4070 di·

851 4139 858 4144 ’
911 4127 1215 4219 gnitates
1269 4125 1538 4198 servari
1593 4123 2158 4218 praescribimus.

1129 4243 1440 4319 Primum
1476 4248 1709 4318 locum
1746 4243 2168 4317 obtinebunt
2200 4237 2347 4313 VV.
2380 4236 2519 4311 FF.
2550 4235 2695 4310 NN.
2730 4235 2805 4310 S.
2829 4237 2919 4312 R.
2944 4237 3033 4312 Ε.

917 4365 1327 4441 Cardinales
1379 4363 1748 4459 Episcopi,
1802 4361 2229 4458 Presbyteri,
2274 4357 2591 4436 Diaconi.
2636 4356 3037 4436 Secundum
