3292 5275
326 642 365 692 »
426 622 667 696 misit=
726 622 881 715 ipse
919 623 1231 700 firmavit
1285 625 1525 700 sedem
1560 621 2162 726 (Antiochenam),
2200 627 2273 700 in
2309 649 2452 721 qua

326 763 361 812 n
429 753 699 836 septem
754 746 955 816 annis
1028 749 1357 840 quamvis
1408 748 1872 838 ,discessurus
1947 750 2154 822 sedit.
2221 769 2258 818 r
2320 743 2448 822 His

317 881 491 936 vero
544 885 729 956 quae
784 865 857 936 in
912 861 1229 941 Concilio
1282 863 1802 942 Chalcedonen.
1869 869 1956 942 de
2037 862 2450 943 Constanti-³·

320 984 729 1075 nopolitana
778 986 937 1058 sede
993 987 1273 1058 decreta
1326 985 1545 1074 fuere,
1593 983 2048 1080 Apostolicae
2087 985 2301 1062 Sedis·
2333 1011 2453 1082 ap-

316 1103 803 1197 probationem
880 1116 955 1180 et
1028 1106 1632 1183 confirmationem
1698 1111 2171 1182 necessariam
2223 1110 2454 1182 omni-

318 1246 415 1299 no
460 1223 697 1309 fuisse‚
736 1228 849 1300 vel
902 1230 1049 1320 ipse
1094 1221 1462 1304 Anatolius
1504 1225 1896 1322 Episcopus
1943 1227 2450 1304 Constantino-

318 1345 671 1437 politanus
726 1338 835 1445 (1)
864 1398 886 1434 ,
942 1358 1013 1420 et
1064 1349 1217 1440 ipse
1270 1345 1654 1441 Imperator
1709 1343 2112 1426 Marcianus
2143 1341 2258 1450 (2)
2296 1370 2450 1424 ma-

320 1469 579 1542 nifeste
634 1471 937 1544 confessi
992 1483 1181 1544 sunt.

434 1579 557 1663 16.
613 1584 945 1664 Profecto
998 1588 1209 1684 igitur
1264 1591 1407 1664 nisi
1446 1590 1823 1666 recedatur
1878 1591 2162 1664 omnino
2197 1611 2242 1662 a
2279 1611 2452 1665 con-

322 1711 537 1784 stanti
592 1721 665 1782 et
720 1721 1055 1803 perpetua
1108 1705 1469 1786 Ecclesiae
1526 1712 1938 1797 traditione,
1995 1707 2291 1785 Petrum
2344 1722 2454 1788 te-

320 1831 669 1904 stimoniis
723 1832 1279 1906 luculentissime
1344 1831 1762 1908 confirmata
1789 1879 1815 1914 ‚
1869 1814 2452 1908 Neoschismatici
2504 1909 2512 1918 ,
2592 1819 2598 1826 ’

320 1969 743 2047 quamquam
796 1973 947 2030 sese
1002 1953 1383 2026 catholicos
1438 1975 1559 2026 ore
1620 1954 2064 2047 praedicent,
2113 1955 2292 2026 tales
2351 1964 2452 2026 ta—

321 2093 487 2146 men
540 2095 615 2146 se
671 2087 829 2168 esse
882 2076 1081 2150 nullo
1136 2075 1343 2148 modo
1408 2075 1539 2146 sibi
1592 2075 2022 2166 persuadere
2079 2085 2444 2167 poterunt.

320 2191 417 2268 Et
472 2195 609 2268 nisi
684 2206 917 2268 astuta
998 2197 1515 2291 haereticarum
1597 2194 2034 2268 fallaciarum
2097 2194 2460 2270 subtilitas·

322 2317 497 2390 satis
552 2327 721 2390 nota
778 2326 851 2388 et
906 2327 1277 2410 perspecta
1342 2318 1566 2402 toret,
1618 2315 1914 2410 intelligi
1971 2338 2108 2392 non
2163 2328 2458 2410 posset,

316 2439 665 2536 quomodo
718 2433 1253 2512 Othomanicum
1305 2433 1746 2511 Gubernium
1799 2459 1924 2510 eos
1987 2439 2097 2510 uti
2151 2439 2450 2512 catholi-

320 2583 439 2634 cos
493 2539 756 2632 habere
813 2561 1089 2646 valeat,
1141 2580 1319 2655 quos
1373 2554 1631 2632 Nostro
1689 2559 1956 2632 iudicio
2009 2569 2084 2632 et
2139 2561 2450 2632 auctori-

322 2696 463 2759 tate
526 2684 616 2755 ab
676 2675 994 2753 Ecclesia
1048 2682 1395 2755 catholica
1448 2692 1930 2775 sequestratos
1973 2702 2132 2755 esse
2207 2682 2434 2755 novit.

318 2800 415 2877 Ut
464 2804 657 2877 enim
708 2802 1058 2875 catholica
1102 2802 1343 2896 religio
1378 2800 1453 2875 in
1489 2797 1952 2875 Othomanica
2003 2802 2272 2877 ditione
2329 2810 2450 2876 tu·-

323 2934 397 2999 to
450 2946 537 2998 ac
584 2924 809 2997 libere
872 2923 1207 2996 consistat
1234 2972 1259 3009 ,
1314 2925 1505 3018 quod
1570 2924 1938 2997 celsissimi
1999 2920 2450 3017 Imperatoris

193 3045 204 3052 ’
324 3046 625 3119 decretis
680 3054 971 3119 cautum
1024 3054 1163 3129 est,
1216 3064 1305 3117 ea
1360 3044 1575 3117 etiam
1612 3036 2089 3117 'admittantur
2141 3054 2446 3139 oportet,

320 3188 497 3261 quae
534 3168 627 3239 ad
658 3162 1031 3239 essentiam
1066 3165 1393 3239 eiusdem
1428 3165 1790 3259 religionis
1844 3148 2230 3258 pertinent.
2263 3186 2454 3259 qua-

320 3289 411 3361 lis
472 3298 582 3359 est
636 3287 979 3379 primatus
1012 3286 1555 3359 ’iurisdictionis
1612 3282 1820 3359 Rom.
1878 3281 2290 3359 Pontificis:
2377 3295 2452 3359 et

322 3409 531 3482 huius
588 3408 874 3487 iudicio,
932 3409 1037 3481 uti
1094 3405 1511 3479 universalis
1564 3418 1637 3479 et
1693 3406 1998 3501 supremi
2051 3408 2202 3481 eius
2237 3399 2452 3500 Capi-

326 3530 413 3601 tis
472 3540 543 3603 et
601 3525 915 3601 Pastoris
944 3576 973 3613 ,
1038 3528 1549 3602 decernendum
1616 3526 2102 3622 relinquatur,
2157 3528 2450 3623 quinam

322 3651 655 3725 catholici
718 3652 861 3721 sint
942 3671 1033 3723 an
1088 3669 1281 3721 nont
1340 3651 1530 3743 quod
1588 3650 1674 3721 de
1730 3650 2049 3744 qualibet
2135 3650 2448 3724 humana

322 3792 608 3865 prorsus
664 3782 737 3843 et
791 3772 1070 3864 privata
1126 3771 1465 3843 societate
1520 3771 1972 3845 sentiendum·
2019 3790 2205 3857 esse,
2263 3770 2452 3865 apud

322 3894 699 3965 universos
754 3892 1011 3985 ubique
1068 3892 1377 3981 gentium
1432 3891 1994 3984 receptissimum
2047 3903 2180 3965 est.

434 4002 555 4083 17.
615 4008 756 4104 Ipsi
812 4022 1053 4085 autem
1086 4006 1688 4099 Neoschismatici,
1743 4033 1820 4085 se
1876 4012 2266 4087 catholicae
2305 4008 2450 4087 Ec-

320 4132 579 4207 clesiae
620 4130 1177 4205 institutionibus
1235 4132 1524 4205 minime
1561 4132 2038 4207 contradicere
2095 4114 2448 4223 asserunt3

484 4298 567 4382 (1)
608 4300 954 4365 Anatolius
998 4292 1079 4364 ad
1122 4298 1185 4365 S.
1232 4298 1514 4365 Leonem
1554 4302 1744 4383 epist.
1787 4299 1930 4371 132.
1975 4322 2046 4369 n.
2088 4301 2148 4371 4.

482 4392 567 4479 (2)
604 4392 921 4461 Marcian.
964 4394 1049 4461 ad
1090 4393 1157 4465 S.
1210 4392 1493 4461 Leonem
1538 4396 1728 4479 epist.
1771 4392 1915 4465 100.
