3292 5275
265 598 537 693 quando
612 602 682 671 in
738 600 893 672 istis
964 598 1363 693 praesertim
1420 584 1823 690 regionibus
1895 592 2028 671 filii
2089 574 2390 695 quidam'

265 719 631 813 superbiae
704 719 829 812 qui
903 740 978 791 se
1030 716 1425 793 catholicos
1480 716 1897 805 nominant,
1953 741 2094 793 non
2151 714 2392 793 solum'

265 842 555 913 occultis
609 839 971 912 fraudibus
1026 839 1149 911 sed
1204 850 1445 932 aperta
1482 844 1724 915 fronte
1765 838 1987 935 ipsum
2045 837 2232 913 fidei'
2261 863 2375 913 ca-

264 962 562 1033 tholicae
616 960 861 1049 dogma
916 971 1345 1052 oppugnant.
1402 956 1514 1033 Eo
1548 962 1737 1034 enim
1789 960 2249 1046 devenerunt,
2295 971 2400 1033 ut·

266 1102 385 1175 per
438 1080 715 1152 libellos
771 1082 841 1151 in
895 1082 1155 1170 vulgus
1206 1081 1435 1153 editos
1489 1091 1561 1153 et
1618 1102 1742 1174 per
1793 1081 2104 1177 publicas
2159 1080 2380 1173 ephe-

268 1200 567 1275 merides
618 1212 869 1273 contra
922 1201 1413 1273 auctoritatem
1450 1211 1523 1272 et
1558 1203 1838 1275 decreta
1894 1204 2115 1296 ipsius
2168 1218 2383 1275 oecu-

270 1322 523 1393 menici
578 1316 873 1392 Concilii
947 1330 1157 1412 atque
1236 1322 1309 1391 in
1387 1323 1627 1413 primis
1688 1333 1936 1397 contra
1989 1316 2404 1397 doctrinam

274 1442 431 1514 fidei
488 1440 559 1512 in
617 1438 864 1513 eodem
899 1434 1195 1511 Concilii
1252 1439 1740 1515 irreformabili
1799 1442 2162 1517 sanctione
2217 1442 2388 1516 defi-

172 1621 179 1629 .
274 1563 497 1633 uitam
554 1560 639 1631 de
694 1554 995 1632 Romani
1049 1555 1409 1633 Pontificis
1474 1584 1563 1635 ex
1634 1563 1968 1637 cathedra
2032 1564 2388 1657 loquentis

278 1678 775 1755 infallibilitate
830 1680 1124 1753 rebelles
1178 1680 1483 1753 audeant
1536 1682 1922 1779 insurgere,
1979 1696 2052 1756 et
2107 1683 2278 1756 alios
2317 1683 2386 1755 in

154 1842 159 1845 ·
278 1803 595 1877 eamdem
680 1800 1129 1875 rebellionem
1204 1824 1285 1874 ac
1368 1804 1836 1895 perditionem
1911 1802 2214 1877 trahere·
2263 1826 2390 1875 co-

278 1937 559 1999 nentur.

488 2041 923 2117 Mendaciter
956 2044 1215 2117 iactant
1250 2062 1377 2138 pro
1414 2064 1605 2117 more
1644 2049 1985 2133 omnium,
2013 2034 2134 2140 qui
2178 2044 2391 2117 schis-

283 2180 469 2239 mata
520 2173 593 2239 et
647 2167 969 2237 haereses
1042 2158 1371 2259 umquam
1428 2166 1972 2241 disseminarunt
2003 2214 2024 2251 ‚
2081 2186 2154 2238 se
2209 2166 2398 2238 anti-

284 2307 497 2381 quam
543 2284 753 2357 fidem
804 2273 1203 2357 catholicam
1260 2285 1583 2372 retinere,
1641 2286 1804 2357 dum
1859 2287 2088 2379 ipsum
2144 2286 2397 2359 funda-

284 2408 591 2481 mentale
629 2406 1041 2499 principium
1078 2406 1459 2479 catholicae
1496 2405 1658 2479 fidei
1697 2428 1776 2478 ac
1813 2408 2170 2480 doctrinae
2223 2406 2398 2479 sub-

286 2538 605 2603 vertunt.
667 2521 863 2598 Licet
942 2544 1243 2621 namque
1320 2524 1777 2620 profiteantur
1831 2522 2260 2619 Scripturam
2327 2537 2398 2598 ct

290 2646 775 2724 Traditionem
827 2649 1053 2720 fontes
1104 2669 1259 2720 esse
1314 2649 1595 2732 divinae
1651 2649 2140 2730 revelationis,
2191 2636 2402 2739 magii-

292 2770 585 2842 sterium
638 2779 861 2840 tamen
904 2788 1181 2860 semper
1218 2769 1469 2842 vivens
1502 2763 1866 2842 Ecclesiae
1921 2789 2007 2841 ex
2043 2763 2430 2861 Scriptura'

290 2900 363 2962 et
400 2883 811 2960 Traditione
848 2886 1291 2962 nianifestum
1346 2898 1553 2981 atque
1606 2888 1944 2964 divinitus
2001 2890 2403 2961 institutum

296 3012 477 3084 sicut
530 3009 619 3080 ad
692 3019 1099 3101 perpetuam
1174 3009 1563 3082 custodiam
1644 3008 1744 3082 ita
1821 3012 1908 3082 ad
1974 3007 2404 3082 infallibilem

294 3130 839 3225 explicationem
889 3140 963 3201 et
1012 3127 1555 3202 declarationem
1608 3131 2041 3222 dogmatum,
2095 3149 2279 3222 quae
2331 3128 2404 3200 in

296 3247 661 3346 Scriptura
740 3248 851 3321 vel
930 3243 1342 3322 Traditione
1420 3249 1619 3322 nobis
1695 3251 2104 3324 transmissa
2185 3259 2350 3321 sunt
2381 3294 2403 3331 ‚

296 3372 505 3444 iidem
562 3369 807 3444 audire
862 3366 1304 3457 detrectant3
1356 3381 1565 3462 atque
1620 3372 1724 3444 ita
1779 3391 1852 3444 se
1907 3370 2100 3463 ipsos
2154 3368 2410 3458 singuli

298 3513 425 3587 per
478 3509 675 3563 suam
730 3489 1089 3564 fallibilem
1142 3503 1217 3564 et
1268 3489 1587 3564 fallacem
1640 3493 2009 3564 scientiam
2071 3489 2413 3583 indepen-

296 3613 551 3686 denter
588 3613 679 3684 ab
716 3611 1159 3696 anctoritate,
1216 3611 1423 3686 immo
1478 3613 1696 3685 etiam
1749 3623 1990 3686 contra
2029 3610 2415 3686 anctorita-

299 3745 443 3807 tem
494 3731 707 3806 huius
760 3731 1099 3806 divinitus
1178 3731 1484 3818 ordinati
1540 3731 1922 3825 magisterii
1978 3733 2412 3805 constituunt

300 3855 575 3930 iudices
606 3853 1031 3949 dogmatum,
1070 3875 1255 3949 quae
1296 3855 1365 3926 in
1403 3853 1706 3928 fontibus
1763 3851 2214 3928 revelationis
2252 3872 2417 3924 con-

305 3977 689 4050 tineantur.
746 3971 935 4064 Quid
988 3973 1177 4049 enim
1231 3975 1421 4048 aliud
1476 3987 1744 4068 agunt,
1801 3977 1965 4049 dum
2019 3975 2270 4065 dogma
2333 3971 2419 4046 fi-

305 4095 419 4168 dei
454 4116 499 4169 a
532 4088 775 4183 Nobis,
810 4095 1229 4188 approbante
1270 4116 1469 4168 sacro
1514 4092 1854 4183 Concilio,
1889 4095 2252 4171 definitum
2287 4116 2442 4173 au-·

307 4216 479 4290 dent
534 4215 799 4306 dicere,
852 4237 997 4290 non
1072 4237 1227 4290 esse
1312 4219 1690 4292 veritatem
1745 4239 1784 4290 a
1839 4213 1990 4291 Deo
2044 4221 2422 4293 revelatam

316 4347 385 4414 et
418 4335 762 4414 catholica
790 4335 927 4414 fide
952 4335 1397 4428 credendam,
1428 4337 1594 4440 quia
1632 4339 1764 4440 ipsi
1805 4339 2182 4416 seeundum
2220 4359 2422 4420 suam
2554 4401 2560 4408 .

1859 4463 1997 4552 17*
