3292 5275
872 455 1027 538 352
1608 587 2248 684 ALLOCVTlO

942 853 1167 902 unm
1224 851 1285 900 lu
1344 851 1601 902 Anulum
1659 849 1994 902 vulcmls
2047 851 2130 900 Al)
2183 849 2242 900 S·
2287 851 2348 898 R.
2389 849 2451 898 Ε.
2511 850 2896 902 cumanus

1280 983 1381 1034 ΝΕ
1434 983 1631 1034 XXVI!-
1673 983 1978 1034 curonis
2033 985 2135 1034 AN.
2177 983 2548 1034 nocetum.
2629 1047 2640 1060 .

1396 1569 2006 1636 VENERAmLES
2049 1568 2444 1666 FRATRES

860 1847 1589 2016 Ordinechstrum
1610 1940 2143 2032 amplissimum,
2167 1939 2408 2012 usitati
2441 1937 2618 2009 ritus
2649 1938 2978 2010 solemni·

858 2073 1005 2134 tate
1058 2059 1478 2144 intermissa,
1508 2062 1641 2133 huc
1679 2061 2254 2146 convocavimuS,
2289 2073 2368 2133 ut
2399 2059 2574 2131 illud
2601 2051 2972 2130 Vobiscum

858 2201 985 2273 pro
1015 2181 1115 2252 rei
1147 2181 1491 2272 gravitate
1518 2179 2328 2274 communicemus,quod
2349 2180 2436 2252 ad
2463 2179 2972 2252 consulendum

858 2299 1333 2391 spiritualibus
1367 2301 1732 2374 christiani
1793 2301 2024 2393 populi
2058 2302 2128 2372 in
2169 2297 2372 2373 ltalia
2431 2299 2972 2393 necessitatibus

854 2418 1189 2512 perficere
1218 2419 1685 2496 decrevimus.
1727 2417 1874 2492 Non
1914 2443 2090 2514 opus
2127 2433 2264 2505 est,
2308 2417 2751 2494 venerabiles
2797 2415 2976 2494 Fra-

857 2553 1025 2628 treS,
1064 2553 1143 2614 ut
1180 2541 1290 2613 hic
1320 2537 1535 2615 Vobis
1565 2563 1649 2614 ea
1691 2563 2179 2614 recenseamus
2211 2563 2384 2636 quae
2423 2542 2678 2634 pluries
2721 2543 2792 2612 in
2830 2537 2972 2614 No·

856 2662 1015 2733 stris
1078 2658 1635 2735 Allocutionibus
1667 2674 1790 2735 aut
1849 2665 1920 2733 in
1977 2659 2252 2735 Nostris
2281 2664 2366 2734 ad
2399 2664 2764 2734 universos
2793 2659 2972 2756 Epi-

854 2803 1097 2873 scopos
1132 2782 1313 2853 datis
1342 2784 1724 2875 encyclicis
1755 2783 2012 2855 litteris
2050 2784 2594 2875 deploravimus.
2625 2778 2972 2874 Comper-

856 2912 961 2972 tae
989 2901 1174 2972 enim
1206 2914 1367 2973 sunt
1396 2902 1718 2974 omnibus
1749 2914 1962 2995 atque
2003 2903 2175 2974 adeo
2205 2904 2646 2994 exploratae,
2680 2915 2757 2973 ut
2785 2924 2968 2975 sum-

850 3040 961 3092 ma
1002 3022 1153 3092 sine
1192 3020 1615 3113 impudentia
1657 3023 2014 3113 denegari,
2053 3037 2176 3095 aut
2223 3022 2308 3093 ad
2351 3021 2685 3093 invidiam
2713 3025 2965 3095 levan-

848 3138 1001 3211 dam
1060 3144 1499 3215 excusatione
1560 3144 1696 3233 tegi
1741 3164 1872 3215 non
1915 3144 2226 3225 valeant,
2265 3142 2560 3215 hostiles
2607 3154 2676 3213 et
2723 3143 2968 3232 ingen-

852 3272 955 3331 tes
1012 3260 1342 3346 iniuriae,
1371 3284 1553 3356 quae
1603 3263 1742 3333 iam
1781 3262 2050 3356 pridem
2087 3275 2158 3335 et
2195 3261 2640 3335 continenter
2693 3263 2770 3333 in
2825 3260 2965 3334 hac

846 3379 1103 3453 afflicta
1142 3376 1343 3454 ltalia
1381 3383 1768 3456 catholicae
1809 3380 2165 3455 Ecclesiae
2201 3393 2275 3454 et
2313 3378 2752 3474 Apostolicae
2789 3376 2960 3454 Sedi

844 3500 1266 3588 inferuntur,
1324 3524 1637 3597 quasque
1697 3516 2028 3596 occupata
2065 3524 2191 3596 per
2225 3504 2372 3573 vim
2409 3504 2542 3575 hac
2585 3498 2774 3574 Urbe
2817 3496 2962 3575 Nos

842 3622 974 3714 ipsi
1034 3618 1403 3697 Vobiscum
1462 3625 1605 3718 pati
1661 3638 1729 3697 et
1785 3625 2026 3697 videre
2083 3624 2422 3715 cogimur,
2481 3626 2580 3695 ita
2636 3634 2717 3694 ut
2753 3618 2960 3714 Regii

840 3874 1053 3937 tatem
1116 3878 1181 3937 ct
1242 3863 1864 3939 contradictionem
1929 3866 2006 3939 in
2071 3863 2378 3949 civitate,
2447 3861 2564 3937 die
2617 3885 2704 3935 ac
2755 3875 2962 3935 nocte

839 3982 1298 4059 circumdabit
1350 4008 1507 4059 eam
1559 4008 1775 4085 super
1836 4008 2076 4059 muros
2129 3985 2285 4059 eius
2345 3984 2714 4083 iniquita-3,
2749 3996 2820 4057 et
2852 3980 2960 4055 ia-

838 4098 963 4176 bor
1014 4104 1089 4177 in
1142 4102 1375 4179 medio
1436 4106 1588 4179 eius
1640 4118 1709 4180 et
1780 4105 2132 4181 iniustitia
2187 4102 2317 4207 (1).
2378 4101 2747 4203 Equidem,
2801 4098 2956 4179 Ve-

996 4359 1079 4452 (1)
1118 4362 1357 4434 Psalm.
1402 4364 1499 4439 54.
