3292 5275
850 478 1001 561 154

843 624 1088 695 mitate
1128 622 1257 694 alia
1297 623 1666 708 roboratiS,
1697 626 1983 696 statutis
2021 636 2094 695 et
2131 622 2772 707 consuetudinibus,
2820 626 2930 715 pri

845 744 1121 835 vilegiis
1176 763 1452 837 quoque
1508 744 1794 815 indultis
1849 754 1922 814 et
1977 739 2268 815 Litteris
2319 737 2746 835 Apostolicis
2795 746 2962 837 qui·

844 862 1083 936 busvis
1136 864 1610 956 superioribus
1691 875 1765 935 et
1850 864 2164 954 personis
2253 863 2328 933 in
2401 882 2656 953 genere
2713 865 2830 936 vel
2887 862 2960 936 in

844 982 1103 1075 specie,
1133 996 1259 1056 aut
1284 982 1459 1057 alias
1502 1003 1666 1056 cum
1695 982 2068 1076 quibusvis
2107 982 2325 1057 etiam
2358 981 2964 1073 derogatoriarum

843 1103 1327 1192 derogatoriis,
1358 1104 1658 1195 aliisque
1695 1104 2196 1175 efficacioribus
2229 1114 2303 1174 et
2337 1100 2842 1177 efficacissimis
2881 1124 2964 1175 ac

844 1221 1145 1295 insolitis
1198 1224 1535 1295 clausulis
1565 1273 1587 1309 ,
1644 1221 2232 1317 irritantibusque
2287 1236 2359 1295 et
2425 1221 2578 1296 aliis
2659 1222 2964 1297 decretis

844 1343 1064 1414 etiam
1118 1353 1311 1416 motu
1368 1346 1681 1435 proprio,
1743 1342 2036 1416 seientia
2092 1354 2166 1415 et
2219 1341 2592 1435 potestatis
2659 1342 2968 1435 plenitu-

844 1463 1007 1535 dine
1063 1464 1378 1555 paribus,
1420 1465 1727 1557 itemque
1767 1460 2382 1548 consistorialiter,
2419 1464 2634 1533 etiam
2689 1463 2762 1533 in
2802 1464 2969 1537 fun-

843 1580 1125 1655 datione
1177 1594 1250 1654 et
1304 1580 1666 1676 primaeva
1723 1582 2206 1666 institutione,
2263 1602 2384 1655 seu
2439 1582 2610 1653 alias
2673 1603 2969 1676 quomo·

844 1700 1105 1776 delibet
1158 1703 1539 1785 concessis,
1599 1702 2043 1796 approbatis,
2073 1702 2504 1775 confirmatis
2542 1713 2616 1775 et
2669 1703 2972 1777 innova-

848 1822 992 1893 tis:
1048 1822 1305 1915 quibus
1358 1822 1688 1896 omnibus
1743 1833 1813 1893 et
1869 1820 2154 1915 singulis
2186 1869 2209 1904 ‚
2265 1820 2544 1896 etiamsi
2628 1843 2754 1915 pro
2819 1822 2972 1895 illo-

847 1964 1001 2017 rum
1057 1942 1441 2017 sufficienti
1492 1941 1952 2034 derogatione
2005 1942 2094 2014 de
2149 1940 2311 2029 illis,
2363 1963 2750 2036 eorumque
2806 1943 2972 2017 totis

843 2063 1207 2138 tenoribus
1260 2062 1610 2155 specialis,
1667 2061 2011 2155 specifica,
2059 2082 2398 2155 expressa
2453 2074 2527 2135 et
2577 2062 2968 2147 individua,

846 2204 983 2260 non
1039 2194 1279 2258 autem
1332 2203 1459 2274 per
1513 2184 1864 2258 clausulas
1916 2184 2284 2276 generales
2341 2182 2528 2257 idem
2581 2180 2975 2275 importan-

848 2314 957 2375 tes
1014 2302 1302 2388 mentio,
1332 2324 1451 2375 seu
1504 2304 1798 2397 quaevis
1853 2302 1989 2378 alia
2045 2304 2404 2396 expressio
2461 2302 2810 2387 habenda,
2851 2315 2976 2377 aut

847 2424 1083 2517 aliqua
1138 2422 1274 2497 alia
1326 2425 1682 2519 exquisita
1737 2424 1965 2497 forma
2015 2422 2106 2495 ad
2159 2423 2296 2495 hoc
2347 2423 2704 2495 servanda
2762 2425 2974 2509 foret,

846 2552 1129 2618 tenores
1173 2543 1611 2629 huiusmodi,
1669 2565 1753 2616 ac
1807 2541 1865 2616 si
1919 2544 2006 2617 de
2063 2544 2296 2617 verbo
2345 2543 2436 2617 ad
2492 2544 2818 2623 verbum,
2873 2544 2976 2619 nil

851 2662 1127 2758 penitus
1184 2667 1441 2739 omisso
1494 2677 1570 2738 et
1624 2664 1848 2737 forma
1905 2663 1978 2736 in
2031 2666 2174 2736 illis
2253 2662 2513 2737 tradita
2567 2664 2978 2746 observata,

850 2786 1089 2862 inserti
1149 2789 1375 2860 forent
1430 2787 1696 2860 eisdem
1751 2785 2240 2878 praesentibus
2285 2805 2412 2877 pro
2451 2785 2654 2876 plene
2711 2796 2784 2856 et
2839 2784 2979 2860 suf-

850 2903 1141 2980 ficenter
1194 2907 1537 2999 expressis
1590 2906 1967 2987 habentes,
2007 2907 2168 2978 illas
2223 2905 2394 2979 alias
2451 2905 2530 2978 in
2585 2927 2716 2981 suo
2771 2907 2980 2982 roho-

852 3045 927 3096 re
984 3026 1485 3118 permansuris3
1538 3028 1880 3101 latissime
1936 3037 2009 3099 et
2064 3027 2467 3119 plenissime
2521 3047 2606 3100 ac
2659 3025 2981 3120 speciali-

853 3154 961 3217 ter
1012 3159 1087 3218 et
1138 3168 1467 3241 expresse
1524 3147 1609 3218 ad
1665 3145 1996 3218 effectum
2053 3147 2538 3238 praesentium
2599 3159 2670 3221 et
2725 3146 2984 3225 validi-

852 3268 1021 3342 tatis
1076 3267 1385 3342 omnium
1436 3277 1505 3340 et
1562 3269 2004 3358 singulorum
2037 3269 2602 3361 praemissorum
2637 3271 2768 3342 hac
2815 3271 2980 3345 vice

850 3389 1221 3462 dumtaxat
1278 3399 1503 3474 motu,
1564 3389 1863 3461 scientia
1899 3437 1922 3474 ‚
1980 3398 2056 3461 et
2112 3391 2486 3480 potestatis
2540 3390 2982 3482 plenitudine

854 3509 1197 3585 similibus
1254 3510 1501 3583 harum
1554 3529 1842 3602 quoque
1891 3507 2067 3582 serie
2105 3509 2554 3601 derogamus,
2585 3510 2982 3605 ceterisque

853 3630 1227 3702 contrariis
1276 3627 1857 3723 quibuscumque.

1066 3747 1413 3824 Volumus
1468 3760 1730 3834 autem,
1786 3751 1973 3843 quod
2028 3751 2260 3824 dictus
2300 3747 2629 3844 Pelagius
2685 3747 2987 3822 Archie-

854 3851 1185 3965 p'iscopus
1252 3893 1379 3944 sex
1452 3872 1633 3943 infra
1718 3891 1994 3946 menses
2085 3871 2177 3944 ab
2241 3871 2522 3964 expleta
2575 3870 2990 3945 earumdem

855 3992 1319 4082 praesentium
1376 3993 1850 4084 exequutione
1915 3990 2294 4083 diligenter
2333 3994 2422 4063 nd
2477 3994 2656 4064 hanc
2693 3987 2992 4085 Aposto-

856 4112 1065 4184 licam
1090 4107 1346 4184 Sedem
1364 4111 1650 4184 nedum
1703 4113 2066 4204 exemplar
2110 4115 2518 4187 authentica
2555 4114 2782 4188 forma
2817 4133 2992 4186 exa-

856 4242 1091 4306 ratum
1146 4231 1499 4305 enunciati
1537 4231 1812 4306 decreti
1849 4232 2426 4326 exequutorialis3
2464 4249 2716 4308 verum
2767 4231 2992 4304 etiam

859 4352 1157 4428 aliorum
1235 4372 1838 4448 quorumcumque
1863 4399 1888 4436 ‚
1945 4373 2132 4447 quae
2195 4373 2430 4447 super
2511 4353 2640 4429 hoc
2695 4351 2990 4445 negocio

1342 4655 1365 4698 l
