<?xml version="1.0" encoding="UTF-8"?>
<!DOCTYPE html PUBLIC "-//W3C//DTD XHTML 1.0 Transitional//EN"
    "http://www.w3.org/TR/xhtml1/DTD/xhtml1-transitional.dtd">
<html xmlns="http://www.w3.org/1999/xhtml" xml:lang="en" lang="en">
 <head>
  <title>
</title>
<meta http-equiv="Content-Type" content="text/html;charset=utf-8" />
  <meta name='ocr-system' content='tesseract 3.04.00' />
  <meta name='ocr-capabilities' content='ocr_page ocr_carea ocr_par ocr_line ocrx_word'/>
</head>
<body>
  <div class='ocr_page' id='page_1' title='image "./piiixpontificis01ixgoog_0061.png"; bbox 0 0 3292 5275; ppageno 0'>
   <div class='ocr_carea' id='block_1_1' title="bbox 2278 504 2385 591">
    <p class='ocr_par' dir='ltr' id='par_1_1' title="bbox 2278 504 2385 591">
     <span class='ocr_line' id='line_1_1' title="bbox 2278 504 2385 591; baseline 0 0"><span class='ocrx_word' id='word_1_1' title='bbox 2278 504 2385 591; x_wconf 77' lang='lat'><strong>53</strong></span> 
     </span>
    </p>
   </div>
   <div class='ocr_carea' id='block_1_2' title="bbox 263 639 2475 4470">
    <p class='ocr_par' dir='ltr' id='par_1_2' title="bbox 275 639 2391 979">
     <span class='ocr_line' id='line_1_2' title="bbox 277 639 2389 739; baseline 0.002 -22"><span class='ocrx_word' id='word_1_2' title='bbox 277 664 460 729; x_wconf 83' lang='lat' dir='ltr'><strong>mur,</strong></span> <span class='ocrx_word' id='word_1_3' title='bbox 513 648 768 739; x_wconf 74' lang='lat' dir='ltr'><strong>pignus</strong></span> <span class='ocrx_word' id='word_1_4' title='bbox 821 654 1158 739; x_wconf 81' lang='lat' dir='ltr'><strong>perpetuo</strong></span> <span class='ocrx_word' id='word_1_5' title='bbox 1213 644 1306 719; x_wconf 79' lang='lat' dir='ltr'><strong>sit</strong></span> <span class='ocrx_word' id='word_1_6' title='bbox 1359 662 1931 735; x_wconf 74' lang='lat' dir='ltr'><strong>permansurum.</strong></span> <span class='ocrx_word' id='word_1_7' title='bbox 1988 639 2133 724; x_wconf 74' lang='lat' dir='ltr'><strong>Noa</strong></span> <span class='ocrx_word' id='word_1_8' title='bbox 2188 656 2389 727; x_wconf 81' lang='lat' dir='ltr'><strong>motu</strong></span> 
     </span>
     <span class='ocr_line' id='line_1_3' title="bbox 277 764 2391 858; baseline 0 -21"><span class='ocrx_word' id='word_1_9' title='bbox 277 764 556 858; x_wconf 75' lang='lat' dir='ltr'><strong>proprio</strong></span> <span class='ocrx_word' id='word_1_10' title='bbox 603 776 680 837; x_wconf 90' lang='lat' dir='ltr'><strong>et</strong></span> <span class='ocrx_word' id='word_1_11' title='bbox 732 784 818 839; x_wconf 81' lang='lat' dir='ltr'><strong>ex</strong></span> <span class='ocrx_word' id='word_1_12' title='bbox 851 774 1044 839; x_wconf 81' lang='lat' dir='ltr'><strong>certa</strong></span> <span class='ocrx_word' id='word_1_13' title='bbox 1095 764 1418 849; x_wconf 74' lang='lat' dir='ltr'><strong>scientia,</strong></span> <span class='ocrx_word' id='word_1_14' title='bbox 1467 784 1556 843; x_wconf 78' lang='lat' dir='ltr'><strong>ae</strong></span> <span class='ocrx_word' id='word_1_15' title='bbox 1609 774 1887 843; x_wconf 72' lang='lat' dir='ltr'><strong>matura</strong></span> <span class='ocrx_word' id='word_1_16' title='bbox 1936 764 2391 847; x_wconf 76' lang='lat' dir='ltr'><strong>deliberatio-</strong></span> 
     </span>
     <span class='ocr_line' id='line_1_4' title="bbox 275 884 1659 979; baseline -0.003 -16"><span class='ocrx_word' id='word_1_17' title='bbox 275 905 390 971; x_wconf 77' lang='lat' dir='ltr'><strong>ne,</strong></span> <span class='ocrx_word' id='word_1_18' title='bbox 439 906 624 979; x_wconf 74' lang='lat' dir='ltr'><strong>qnae</strong></span> <span class='ocrx_word' id='word_1_19' title='bbox 677 895 1094 979; x_wconf 80' lang='lat' dir='ltr'><strong>sequuntur,</strong></span> <span class='ocrx_word' id='word_1_20' title='bbox 1153 884 1600 961; x_wconf 80' lang='lat' dir='ltr'><strong>decernimus</strong></span> <span class='ocrx_word' id='word_1_21' title='bbox 1625 907 1659 973; x_wconf 67' lang='lat'>3</span> 
     </span>
    </p>

    <p class='ocr_par' dir='ltr' id='par_1_3' title="bbox 267 1000 2397 2901">
     <span class='ocr_line' id='line_1_5' title="bbox 479 1000 2392 1100; baseline -0.002 -23"><span class='ocrx_word' id='word_1_22' title='bbox 479 1002 538 1077; x_wconf 83' lang='lat'><strong>1.</strong></span> <span class='ocrx_word' id='word_1_23' title='bbox 593 1001 676 1077; x_wconf 84' lang='lat' dir='ltr'><strong>ln</strong></span> <span class='ocrx_word' id='word_1_24' title='bbox 727 1006 1096 1100; x_wconf 84' lang='lat' dir='ltr'><strong>praedictis</strong></span> <span class='ocrx_word' id='word_1_25' title='bbox 1149 1004 1442 1079; x_wconf 78' lang='lat' dir='ltr'><strong>aedibus</strong></span> <span class='ocrx_word' id='word_1_26' title='bbox 1495 1000 1783 1081; x_wconf 66' lang='lat' dir='ltr'><strong>Schola</strong></span> <span class='ocrx_word' id='word_1_27' title='bbox 1818 1025 1945 1099; x_wconf 83' lang='lat' dir='ltr'><strong>pro</strong></span> <span class='ocrx_word' id='word_1_28' title='bbox 1985 1008 2223 1099; x_wconf 77' lang='lat' dir='ltr'><strong>pneris</strong></span> <span class='ocrx_word' id='word_1_29' title='bbox 2278 1028 2392 1086; x_wconf 63' lang='lat' dir='ltr'><strong>re·</strong></span> 
     </span>
     <span class='ocr_line' id='line_1_6' title="bbox 273 1124 2385 1219; baseline 0 -20"><span class='ocrx_word' id='word_1_30' title='bbox 273 1125 496 1216; x_wconf 64' lang='lat' dir='ltr'><strong>sionis</strong></span> <span class='ocrx_word' id='word_1_31' title='bbox 549 1124 1096 1199; x_wconf 72' lang='lat' dir='ltr'><strong>transtiberinae</strong></span> <span class='ocrx_word' id='word_1_32' title='bbox 1131 1134 1544 1219; x_wconf 77' lang='lat' dir='ltr'><strong>perpetuum</strong></span> <span class='ocrx_word' id='word_1_33' title='bbox 1599 1127 1681 1201; x_wconf 82' lang='lat' dir='ltr'><strong>in</strong></span> <span class='ocrx_word' id='word_1_34' title='bbox 1732 1126 2015 1201; x_wconf 85' lang='lat' dir='ltr'><strong>modum</strong></span> <span class='ocrx_word' id='word_1_35' title='bbox 2050 1126 2385 1219; x_wconf 72' lang='lat' dir='ltr'><strong>erigimus</strong></span> 
     </span>
     <span class='ocr_line' id='line_1_7' title="bbox 271 1242 2391 1340; baseline 0.003 -21"><span class='ocrx_word' id='word_1_36' title='bbox 271 1258 342 1321; x_wconf 81' lang='lat' dir='ltr'><strong>ot</strong></span> <span class='ocrx_word' id='word_1_37' title='bbox 387 1244 854 1330; x_wconf 75' lang='lat' dir='ltr'><strong>instituimus,</strong></span> <span class='ocrx_word' id='word_1_38' title='bbox 906 1246 1452 1340; x_wconf 76' lang='lat' dir='ltr'><strong>earumdemque</strong></span> <span class='ocrx_word' id='word_1_39' title='bbox 1507 1248 1831 1340; x_wconf 71' lang='lat' dir='ltr'><strong>regimen</strong></span> <span class='ocrx_word' id='word_1_40' title='bbox 1884 1258 1979 1321; x_wconf 79' lang='lat' dir='ltr'><strong>at·</strong></span> <span class='ocrx_word' id='word_1_41' title='bbox 1997 1266 2241 1323; x_wconf 72' lang='lat' dir='ltr'><strong>euram</strong></span> <span class='ocrx_word' id='word_1_42' title='bbox 2274 1242 2391 1325; x_wconf 74' lang='lat' dir='ltr'><strong>lun</strong></span> 
     </span>
     <span class='ocr_line' id='line_1_8' title="bbox 272 1361 2393 1459; baseline 0.003 -20"><span class='ocrx_word' id='word_1_43' title='bbox 272 1370 516 1441; x_wconf 87' lang='lat' dir='ltr'><strong>stituto</strong></span> <span class='ocrx_word' id='word_1_44' title='bbox 551 1363 884 1441; x_wconf 79' lang='lat' dir='ltr'><strong>Fratrum</strong></span> <span class='ocrx_word' id='word_1_45' title='bbox 918 1362 1332 1439; x_wconf 87' lang='lat' dir='ltr'><strong>Scholarum</strong></span> <span class='ocrx_word' id='word_1_46' title='bbox 1378 1361 1941 1443; x_wconf 70' lang='lat' dir='ltr'><strong>Christianarum</strong></span> <span class='ocrx_word' id='word_1_47' title='bbox 1986 1378 2393 1459; x_wconf 70' lang='lat' dir='ltr'><strong>nuncupato</strong></span> 
     </span>
     <span class='ocr_line' id='line_1_9' title="bbox 271 1482 2387 1572; baseline 0.001 -14"><span class='ocrx_word' id='word_1_48' title='bbox 271 1488 398 1559; x_wconf 81' lang='lat' dir='ltr'><strong>suh</strong></span> <span class='ocrx_word' id='word_1_49' title='bbox 453 1488 665 1561; x_wconf 87' lang='lat' dir='ltr'><strong>titulo</strong></span> <span class='ocrx_word' id='word_1_50' title='bbox 719 1483 1162 1561; x_wconf 86' lang='lat' dir='ltr'><strong>Sanctissimi</strong></span> <span class='ocrx_word' id='word_1_51' title='bbox 1225 1482 1527 1559; x_wconf 77' lang='lat' dir='ltr'><strong>Infantis</strong></span> <span class='ocrx_word' id='word_1_52' title='bbox 1589 1482 1749 1560; x_wconf 92' lang='lat' dir='ltr'><strong>lesu</strong></span> <span class='ocrx_word' id='word_1_53' title='bbox 1784 1534 1807 1572; x_wconf 91' lang='lat'>‚</span> <span class='ocrx_word' id='word_1_54' title='bbox 1864 1496 1939 1559; x_wconf 93' lang='lat' dir='ltr'><strong>et</strong></span> <span class='ocrx_word' id='word_1_55' title='bbox 2002 1482 2387 1560; x_wconf 86' lang='lat' dir='ltr'><strong>Patrocinii</strong></span> 
     </span>
     <span class='ocr_line' id='line_1_10' title="bbox 269 1602 2389 1703; baseline -0.002 -18"><span class='ocrx_word' id='word_1_56' title='bbox 269 1604 516 1685; x_wconf 86' lang='lat' dir='ltr'><strong>Sancti</strong></span> <span class='ocrx_word' id='word_1_57' title='bbox 567 1602 870 1703; x_wconf 82' lang='lat' dir='ltr'><strong>losephi‚</strong></span> <span class='ocrx_word' id='word_1_58' title='bbox 917 1624 1220 1701; x_wconf 76' lang='lat' dir='ltr'><strong>quorum</strong></span> <span class='ocrx_word' id='word_1_59' title='bbox 1277 1606 1590 1683; x_wconf 71' lang='lat' dir='ltr'><strong>cnidium</strong></span> <span class='ocrx_word' id='word_1_60' title='bbox 1641 1618 1715 1679; x_wconf 86' lang='lat' dir='ltr'><strong>et</strong></span> <span class='ocrx_word' id='word_1_61' title='bbox 1769 1608 1976 1681; x_wconf 88' lang='lat' dir='ltr'><strong>zelus</strong></span> <span class='ocrx_word' id='word_1_62' title='bbox 2030 1606 2106 1679; x_wconf 90' lang='lat' dir='ltr'><strong>in</strong></span> <span class='ocrx_word' id='word_1_63' title='bbox 2157 1608 2389 1699; x_wconf 83' lang='lat' dir='ltr'><strong>pueris</strong></span> 
     </span>
     <span class='ocr_line' id='line_1_11' title="bbox 271 1722 2385 1821; baseline -0.001 -20"><span class='ocrx_word' id='word_1_64' title='bbox 271 1726 404 1801; x_wconf 87' lang='lat' dir='ltr'><strong>rite</strong></span> <span class='ocrx_word' id='word_1_65' title='bbox 455 1726 860 1801; x_wconf 87' lang='lat' dir='ltr'><strong>erudiendis</strong></span> <span class='ocrx_word' id='word_1_66' title='bbox 911 1722 1130 1801; x_wconf 86' lang='lat' dir='ltr'><strong>Nobis</strong></span> <span class='ocrx_word' id='word_1_67' title='bbox 1185 1737 1598 1821; x_wconf 87' lang='lat' dir='ltr'><strong>perspectus</strong></span> <span class='ocrx_word' id='word_1_68' title='bbox 1654 1738 1789 1811; x_wconf 90' lang='lat' dir='ltr'><strong>est,</strong></span> <span class='ocrx_word' id='word_1_69' title='bbox 1832 1737 1905 1800; x_wconf 91' lang='lat' dir='ltr'><strong>et</strong></span> <span class='ocrx_word' id='word_1_70' title='bbox 1951 1726 2385 1819; x_wconf 72' lang='lat' dir='ltr'>exploratae,</span> 
     </span>
     <span class='ocr_line' id='line_1_12' title="bbox 269 1846 2389 1941; baseline -0 -20"><span class='ocrx_word' id='word_1_71' title='bbox 269 1849 791 1933; x_wconf 80' lang='lat' dir='ltr'><strong>demandamus,</strong></span> <span class='ocrx_word' id='word_1_72' title='bbox 847 1848 945 1919; x_wconf 84' lang='lat' dir='ltr'><strong>ita</strong></span> <span class='ocrx_word' id='word_1_73' title='bbox 999 1860 1082 1922; x_wconf 90' lang='lat' dir='ltr'><strong>ut</strong></span> <span class='ocrx_word' id='word_1_74' title='bbox 1133 1849 1272 1941; x_wconf 93' lang='lat' dir='ltr'><strong>ipsi</strong></span> <span class='ocrx_word' id='word_1_75' title='bbox 1329 1867 1590 1941; x_wconf 88' lang='lat' dir='ltr'><strong>pueros</strong></span> <span class='ocrx_word' id='word_1_76' title='bbox 1647 1847 2049 1941; x_wconf 79' lang='lat' dir='ltr'><strong>praedictae</strong></span> <span class='ocrx_word' id='word_1_77' title='bbox 2087 1846 2389 1938; x_wconf 77' lang='lat' dir='ltr'><strong>regionis</strong></span> 
     </span>
     <span class='ocr_line' id='line_1_13' title="bbox 271 1964 2393 2061; baseline -0.001 -20"><span class='ocrx_word' id='word_1_78' title='bbox 271 1972 462 2041; x_wconf 79' lang='lat' dir='ltr'><strong>iuxta</strong></span> <span class='ocrx_word' id='word_1_79' title='bbox 499 1964 808 2042; x_wconf 87' lang='lat' dir='ltr'><strong>Instituti</strong></span> <span class='ocrx_word' id='word_1_80' title='bbox 843 1970 953 2041; x_wconf 91' lang='lat' dir='ltr'><strong>sui</strong></span> <span class='ocrx_word' id='word_1_81' title='bbox 991 1988 1303 2040; x_wconf 88' lang='lat' dir='ltr'><strong>normam</strong></span> <span class='ocrx_word' id='word_1_82' title='bbox 1343 1978 1414 2040; x_wconf 93' lang='lat' dir='ltr'><strong>et</strong></span> <span class='ocrx_word' id='word_1_83' title='bbox 1451 1967 1901 2052; x_wconf 83' lang='lat' dir='ltr'><strong>methodum,</strong></span> <span class='ocrx_word' id='word_1_84' title='bbox 1958 1978 2175 2061; x_wconf 89' lang='lat' dir='ltr'><strong>utque</strong></span> <span class='ocrx_word' id='word_1_85' title='bbox 2238 1986 2393 2039; x_wconf 91' lang='lat' dir='ltr'><strong>mo-</strong></span> 
     </span>
     <span class='ocr_line' id='line_1_14' title="bbox 270 2081 2391 2181; baseline 0 -21"><span class='ocrx_word' id='word_1_86' title='bbox 270 2090 366 2161; x_wconf 88' lang='lat' dir='ltr'><strong>ris</strong></span> <span class='ocrx_word' id='word_1_87' title='bbox 419 2098 530 2161; x_wconf 92' lang='lat' dir='ltr'><strong>est</strong></span> <span class='ocrx_word' id='word_1_88' title='bbox 581 2087 650 2159; x_wconf 92' lang='lat' dir='ltr'><strong>in</strong></span> <span class='ocrx_word' id='word_1_89' title='bbox 705 2086 860 2160; x_wconf 89' lang='lat' dir='ltr'><strong>aliis</strong></span> <span class='ocrx_word' id='word_1_90' title='bbox 913 2081 1160 2161; x_wconf 83' lang='lat' dir='ltr'><strong>Almae</strong></span> <span class='ocrx_word' id='word_1_91' title='bbox 1215 2082 1429 2159; x_wconf 84' lang='lat' dir='ltr'>Urbis</span> <span class='ocrx_word' id='word_1_92' title='bbox 1483 2082 1789 2160; x_wconf 79' lang='lat' dir='ltr'><strong>Nostrae</strong></span> <span class='ocrx_word' id='word_1_93' title='bbox 1848 2084 2147 2174; x_wconf 87' lang='lat' dir='ltr'><strong>Scholis,</strong></span> <span class='ocrx_word' id='word_1_94' title='bbox 2212 2108 2391 2181; x_wconf 90' lang='lat' dir='ltr'><strong>qua-</strong></span> 
     </span>
     <span class='ocr_line' id='line_1_15' title="bbox 269 2202 2385 2299; baseline -0.001 -20"><span class='ocrx_word' id='word_1_95' title='bbox 269 2229 426 2279; x_wconf 90' lang='lat' dir='ltr'><strong>rum</strong></span> <span class='ocrx_word' id='word_1_96' title='bbox 481 2207 802 2299; x_wconf 75' lang='lat' dir='ltr'><strong>regimini</strong></span> <span class='ocrx_word' id='word_1_97' title='bbox 857 2206 1068 2279; x_wconf 89' lang='lat' dir='ltr'><strong>iidem</strong></span> <span class='ocrx_word' id='word_1_98' title='bbox 1151 2202 1435 2279; x_wconf 84' lang='lat' dir='ltr'><strong>Fratres</strong></span> <span class='ocrx_word' id='word_1_99' title='bbox 1511 2218 1909 2299; x_wconf 89' lang='lat' dir='ltr'><strong>praesunt,</strong></span> <span class='ocrx_word' id='word_1_100' title='bbox 1996 2206 2385 2280; x_wconf 84' lang='lat' dir='ltr'><strong>instituant.</strong></span> 
     </span>
     <span class='ocr_line' id='line_1_16' title="bbox 269 2322 2389 2423; baseline -0 -23"><span class='ocrx_word' id='word_1_101' title='bbox 269 2324 656 2423; x_wconf 82' lang='lat' dir='ltr'><strong>Propterea</strong></span> <span class='ocrx_word' id='word_1_102' title='bbox 709 2326 957 2400; x_wconf 90' lang='lat' dir='ltr'><strong>iisdem</strong></span> <span class='ocrx_word' id='word_1_103' title='bbox 1011 2322 1381 2417; x_wconf 76' lang='lat' dir='ltr'><strong>Religiosis</strong></span> <span class='ocrx_word' id='word_1_104' title='bbox 1437 2328 1622 2399; x_wconf 82' lang='lat' dir='ltr'><strong>viris</strong></span> <span class='ocrx_word' id='word_1_105' title='bbox 1678 2326 2029 2401; x_wconf 89' lang='lat' dir='ltr'><strong>dictarum</strong></span> <span class='ocrx_word' id='word_1_106' title='bbox 2084 2324 2389 2410; x_wconf 88' lang='lat' dir='ltr'><strong>aedium,</strong></span> 
     </span>
     <span class='ocr_line' id='line_1_17' title="bbox 267 2446 2393 2539; baseline -0.001 -18"><span class='ocrx_word' id='word_1_107' title='bbox 267 2461 340 2522; x_wconf 88' lang='lat' dir='ltr'><strong>et</strong></span> <span class='ocrx_word' id='word_1_108' title='bbox 395 2449 716 2522; x_wconf 87' lang='lat' dir='ltr'><strong>cuiusvis</strong></span> <span class='ocrx_word' id='word_1_109' title='bbox 781 2467 1024 2520; x_wconf 87' lang='lat' dir='ltr'><strong>sacrae</strong></span> <span class='ocrx_word' id='word_1_110' title='bbox 1079 2457 1151 2518; x_wconf 91' lang='lat' dir='ltr'><strong>et</strong></span> <span class='ocrx_word' id='word_1_111' title='bbox 1203 2447 1627 2521; x_wconf 82' lang='lat' dir='ltr'><strong>domesticae</strong></span> <span class='ocrx_word' id='word_1_112' title='bbox 1713 2446 2177 2539; x_wconf 88' lang='lat' dir='ltr'><strong>supellectilis</strong></span> <span class='ocrx_word' id='word_1_113' title='bbox 2233 2468 2393 2519; x_wconf 87' lang='lat' dir='ltr'><strong>aere</strong></span> 
     </span>
     <span class='ocr_line' id='line_1_18' title="bbox 269 2562 2397 2661; baseline -0.002 -21"><span class='ocrx_word' id='word_1_114' title='bbox 269 2562 526 2642; x_wconf 84' lang='lat' dir='ltr'><strong>Nostro</strong></span> <span class='ocrx_word' id='word_1_115' title='bbox 579 2578 1021 2661; x_wconf 79' lang='lat' dir='ltr'><strong>comparatae</strong></span> <span class='ocrx_word' id='word_1_116' title='bbox 1073 2588 1278 2640; x_wconf 87' lang='lat' dir='ltr'><strong>usum</strong></span> <span class='ocrx_word' id='word_1_117' title='bbox 1335 2569 1699 2661; x_wconf 84' lang='lat' dir='ltr'><strong>perpetuis</strong></span> <span class='ocrx_word' id='word_1_118' title='bbox 1755 2567 2015 2642; x_wconf 79' lang='lat' dir='ltr'><strong>futuris</strong></span> <span class='ocrx_word' id='word_1_119' title='bbox 2065 2568 2397 2660; x_wconf 85' lang='lat' dir='ltr'><strong>tempori-</strong></span> 
     </span>
     <span class='ocr_line' id='line_1_19' title="bbox 269 2681 2393 2768; baseline -0 -8"><span class='ocrx_word' id='word_1_120' title='bbox 269 2691 404 2764; x_wconf 86' lang='lat' dir='ltr'><strong>bus</strong></span> <span class='ocrx_word' id='word_1_121' title='bbox 427 2735 452 2768; x_wconf 84' lang='lat'>‚</span> <span class='ocrx_word' id='word_1_122' title='bbox 505 2687 640 2760; x_wconf 88' lang='lat' dir='ltr'><strong>nisi</strong></span> <span class='ocrx_word' id='word_1_123' title='bbox 693 2683 913 2762; x_wconf 87' lang='lat' dir='ltr'><strong>Nobis</strong></span> <span class='ocrx_word' id='word_1_124' title='bbox 965 2698 1039 2759; x_wconf 85' lang='lat' dir='ltr'><strong>et</strong></span> <span class='ocrx_word' id='word_1_125' title='bbox 1117 2683 1655 2760; x_wconf 77' lang='lat' dir='ltr'><strong>Successor-ibus</strong></span> <span class='ocrx_word' id='word_1_126' title='bbox 1720 2681 1992 2759; x_wconf 89' lang='lat' dir='ltr'><strong>Nostris</strong></span> <span class='ocrx_word' id='word_1_127' title='bbox 2060 2683 2265 2758; x_wconf 87' lang='lat' dir='ltr'><strong>aliter</strong></span> <span class='ocrx_word' id='word_1_128' title='bbox 2322 2687 2393 2759; x_wconf 89' lang='lat' dir='ltr'><strong>in</strong></span> 
     </span>
     <span class='ocr_line' id='line_1_20' title="bbox 269 2803 2091 2901; baseline -0.004 -18"><span class='ocrx_word' id='word_1_129' title='bbox 269 2803 573 2883; x_wconf 88' lang='lat' dir='ltr'><strong>Domino</strong></span> <span class='ocrx_word' id='word_1_130' title='bbox 626 2808 956 2901; x_wconf 84' lang='lat' dir='ltr'><strong>expedire</strong></span> <span class='ocrx_word' id='word_1_131' title='bbox 1011 2808 1246 2881; x_wconf 89' lang='lat' dir='ltr'><strong>visum</strong></span> <span class='ocrx_word' id='word_1_132' title='bbox 1303 2808 1548 2891; x_wconf 79' lang='lat' dir='ltr'><strong>fuerit,</strong></span> <span class='ocrx_word' id='word_1_133' title='bbox 1608 2806 2091 2880; x_wconf 86' lang='lat' dir='ltr'><strong>adtribuimus.</strong></span> 
     </span>
    </p>

    <p class='ocr_par' dir='ltr' id='par_1_4' title="bbox 263 2924 2475 3866">
     <span class='ocr_line' id='line_1_21' title="bbox 481 2924 2393 3018; baseline -0.001 -19"><span class='ocrx_word' id='word_1_134' title='bbox 481 2925 546 2999; x_wconf 87' lang='lat'><strong>11</strong></span> <span class='ocrx_word' id='word_1_135' title='bbox 557 2982 572 2998; x_wconf 92' lang='lat'><strong>.</strong></span> <span class='ocrx_word' id='word_1_136' title='bbox 653 2924 814 3018; x_wconf 87' lang='lat' dir='ltr'><strong>Quo</strong></span> <span class='ocrx_word' id='word_1_137' title='bbox 865 2949 1038 3001; x_wconf 81' lang='lat' dir='ltr'><strong>vero</strong></span> <span class='ocrx_word' id='word_1_138' title='bbox 1093 2928 1452 2999; x_wconf 86' lang='lat' dir='ltr'><strong>memorati</strong></span> <span class='ocrx_word' id='word_1_139' title='bbox 1506 2927 1819 3018; x_wconf 80' lang='lat' dir='ltr'><strong>religiosi</strong></span> <span class='ocrx_word' id='word_1_140' title='bbox 1874 2925 2001 2997; x_wconf 82' lang='lat' dir='ltr'><strong>viri</strong></span> <span class='ocrx_word' id='word_1_141' title='bbox 2070 2925 2259 2999; x_wconf 88' lang='lat' dir='ltr'><strong>aiere</strong></span> <span class='ocrx_word' id='word_1_142' title='bbox 2318 2948 2393 2998; x_wconf 88' lang='lat' dir='ltr'><strong>se</strong></span> 
     </span>
     <span class='ocr_line' id='line_1_22' title="bbox 269 3045 2397 3142; baseline -0.002 -20"><span class='ocrx_word' id='word_1_143' title='bbox 269 3051 568 3142; x_wconf 79' lang='lat' dir='ltr'><strong>possint,</strong></span> <span class='ocrx_word' id='word_1_144' title='bbox 629 3047 871 3122; x_wconf 90' lang='lat' dir='ltr'><strong>iisdem</strong></span> <span class='ocrx_word' id='word_1_145' title='bbox 925 3050 1359 3138; x_wconf 80' lang='lat' dir='ltr'><strong>assignamus</strong></span> <span class='ocrx_word' id='word_1_146' title='bbox 1415 3045 1548 3119; x_wconf 90' lang='lat' dir='ltr'><strong>tria</strong></span> <span class='ocrx_word' id='word_1_147' title='bbox 1599 3047 1818 3119; x_wconf 87' lang='lat' dir='ltr'><strong>miliia</strong></span> <span class='ocrx_word' id='word_1_148' title='bbox 1880 3058 1955 3118; x_wconf 87' lang='lat' dir='ltr'><strong>et</strong></span> <span class='ocrx_word' id='word_1_149' title='bbox 2008 3045 2397 3118; x_wconf 86' lang='lat' dir='ltr'><strong>biscentum</strong></span> 
     </span>
     <span class='ocr_line' id='line_1_23' title="bbox 267 3167 2401 3264; baseline -0.002 -21"><span class='ocrx_word' id='word_1_150' title='bbox 267 3170 878 3264; x_wconf 80' lang='lat' dir='ltr'><strong>vigintiquinque</strong></span> <span class='ocrx_word' id='word_1_151' title='bbox 931 3168 1331 3242; x_wconf 85' lang='lat' dir='ltr'><strong>libellarum</strong></span> <span class='ocrx_word' id='word_1_152' title='bbox 1369 3168 1445 3239; x_wconf 88' lang='lat' dir='ltr'><strong>in</strong></span> <span class='ocrx_word' id='word_1_153' title='bbox 1493 3168 1800 3259; x_wconf 82' lang='lat' dir='ltr'><strong>singulos</strong></span> <span class='ocrx_word' id='word_1_154' title='bbox 1838 3187 2061 3240; x_wconf 89' lang='lat' dir='ltr'><strong>annos</strong></span> <span class='ocrx_word' id='word_1_155' title='bbox 2118 3167 2401 3240; x_wconf 80' lang='lat' dir='ltr'><strong>solven-</strong></span> 
     </span>
     <span class='ocr_line' id='line_1_24' title="bbox 264 3281 2399 3381; baseline -0.001 -19"><span class='ocrx_word' id='word_1_156' title='bbox 264 3291 520 3364; x_wconf 86' lang='lat' dir='ltr'><strong>darum</strong></span> <span class='ocrx_word' id='word_1_157' title='bbox 577 3310 704 3381; x_wconf 92' lang='lat' dir='ltr'><strong>pro</strong></span> <span class='ocrx_word' id='word_1_158' title='bbox 781 3299 930 3362; x_wconf 87' lang='lat' dir='ltr'><strong>rata</strong></span> <span class='ocrx_word' id='word_1_159' title='bbox 983 3288 1296 3381; x_wconf 87' lang='lat' dir='ltr'><strong>quolibet</strong></span> <span class='ocrx_word' id='word_1_160' title='bbox 1373 3306 1626 3362; x_wconf 89' lang='lat' dir='ltr'><strong>mense</strong></span> <span class='ocrx_word' id='word_1_161' title='bbox 1705 3288 1993 3360; x_wconf 88' lang='lat' dir='ltr'><strong>ineunte</strong></span> <span class='ocrx_word' id='word_1_162' title='bbox 2048 3307 2087 3358; x_wconf 93' lang='lat' dir='ltr'><strong>a</strong></span> <span class='ocrx_word' id='word_1_163' title='bbox 2144 3281 2399 3360; x_wconf 86' lang='lat' dir='ltr'><strong>Nostra</strong></span> 
     </span>
     <span class='ocr_line' id='line_1_25' title="bbox 265 3404 2401 3500; baseline -0.002 -16"><span class='ocrx_word' id='word_1_164' title='bbox 265 3408 729 3485; x_wconf 79' lang='lat' dir='ltr'><strong>Praefectura</strong></span> <span class='ocrx_word' id='word_1_165' title='bbox 783 3404 982 3482; x_wconf 86' lang='lat' dir='ltr'><strong>Sacri</strong></span> <span class='ocrx_word' id='word_1_166' title='bbox 1038 3404 1324 3495; x_wconf 86' lang='lat' dir='ltr'><strong>Palatii,</strong></span> <span class='ocrx_word' id='word_1_167' title='bbox 1387 3409 1499 3480; x_wconf 91' lang='lat' dir='ltr'><strong>cui</strong></span> <span class='ocrx_word' id='word_1_168' title='bbox 1556 3419 1705 3480; x_wconf 89' lang='lat' dir='ltr'><strong>tum</strong></span> <span class='ocrx_word' id='word_1_169' title='bbox 1764 3407 2072 3492; x_wconf 89' lang='lat' dir='ltr'><strong>aedium,</strong></span> <span class='ocrx_word' id='word_1_170' title='bbox 2114 3407 2187 3479; x_wconf 91' lang='lat' dir='ltr'><strong>in</strong></span> <span class='ocrx_word' id='word_1_171' title='bbox 2236 3409 2401 3500; x_wconf 89' lang='lat' dir='ltr'><strong>qui-</strong></span> 
     </span>
     <span class='ocr_line' id='line_1_26' title="bbox 263 3527 2475 3614; baseline -0.003 -10"><span class='ocrx_word' id='word_1_172' title='bbox 263 3533 400 3606; x_wconf 86' lang='lat' dir='ltr'><strong>bus</strong></span> <span class='ocrx_word' id='word_1_173' title='bbox 437 3527 738 3604; x_wconf 85' lang='lat' dir='ltr'><strong>Schoiae</strong></span> <span class='ocrx_word' id='word_1_174' title='bbox 774 3529 1196 3601; x_wconf 84' lang='lat' dir='ltr'><strong>constitutae</strong></span> <span class='ocrx_word' id='word_1_175' title='bbox 1251 3539 1444 3614; x_wconf 89' lang='lat' dir='ltr'><strong>sunt,</strong></span> <span class='ocrx_word' id='word_1_176' title='bbox 1485 3539 1641 3601; x_wconf 88' lang='lat' dir='ltr'><strong>turn</strong></span> <span class='ocrx_word' id='word_1_177' title='bbox 1682 3528 1977 3600; x_wconf 87' lang='lat' dir='ltr'><strong>duarum</strong></span> <span class='ocrx_word' id='word_1_178' title='bbox 2031 3529 2399 3600; x_wconf 90' lang='lat' dir='ltr'><strong>domorum</strong></span> <span class='ocrx_word' id='word_1_179' title='bbox 2470 3541 2475 3546; x_wconf 88' lang='grc'>·</span> 
     </span>
     <span class='ocr_line' id='line_1_27' title="bbox 265 3647 2399 3742; baseline -0.002 -17"><span class='ocrx_word' id='word_1_180' title='bbox 265 3653 518 3725; x_wconf 88' lang='lat' dir='ltr'><strong>iisdem</strong></span> <span class='ocrx_word' id='word_1_181' title='bbox 548 3649 1014 3723; x_wconf 87' lang='lat' dir='ltr'><strong>adiacentium</strong></span> <span class='ocrx_word' id='word_1_182' title='bbox 1053 3648 1482 3742; x_wconf 88' lang='lat' dir='ltr'><strong>mancipium</strong></span> <span class='ocrx_word' id='word_1_183' title='bbox 1522 3648 1861 3734; x_wconf 89' lang='lat' dir='ltr'><strong>cedimus,</strong></span> <span class='ocrx_word' id='word_1_184' title='bbox 1890 3659 1966 3720; x_wconf 88' lang='lat' dir='ltr'><strong>et</strong></span> <span class='ocrx_word' id='word_1_185' title='bbox 1998 3647 2399 3721; x_wconf 90' lang='lat' dir='ltr'><strong>earumdem</strong></span> 
     </span>
     <span class='ocr_line' id='line_1_28' title="bbox 265 3769 1775 3866; baseline -0.005 -21"><span class='ocrx_word' id='word_1_186' title='bbox 265 3781 682 3866; x_wconf 88' lang='lat' dir='ltr'><strong>perpetuam</strong></span> <span class='ocrx_word' id='word_1_187' title='bbox 735 3771 1254 3863; x_wconf 87' lang='lat' dir='ltr'><strong>possessionem</strong></span> <span class='ocrx_word' id='word_1_188' title='bbox 1307 3769 1775 3842; x_wconf 88' lang='lat' dir='ltr'><strong>concedimus.</strong></span> 
     </span>
    </p>

    <p class='ocr_par' dir='ltr' id='par_1_5' title="bbox 265 3884 2405 4470">
     <span class='ocr_line' id='line_1_29' title="bbox 483 3884 2403 3977; baseline -0.001 -14"><span class='ocrx_word' id='word_1_189' title='bbox 483 3887 608 3963; x_wconf 82' lang='lat'>111.</span> <span class='ocrx_word' id='word_1_190' title='bbox 665 3885 1006 3965; x_wconf 81' lang='lat' dir='ltr'><strong>Volumus</strong></span> <span class='ocrx_word' id='word_1_191' title='bbox 1035 3891 1338 3977; x_wconf 87' lang='lat' dir='ltr'><strong>tandem,</strong></span> <span class='ocrx_word' id='word_1_192' title='bbox 1377 3901 1458 3963; x_wconf 88' lang='lat' dir='ltr'><strong>ut</strong></span> <span class='ocrx_word' id='word_1_193' title='bbox 1493 3885 1999 3964; x_wconf 77' lang='lat' dir='ltr'><strong>Praefecturae</strong></span> <span class='ocrx_word' id='word_1_194' title='bbox 2028 3885 2227 3962; x_wconf 89' lang='lat' dir='ltr'><strong>Sacri</strong></span> <span class='ocrx_word' id='word_1_195' title='bbox 2267 3884 2403 3962; x_wconf 87' lang='lat' dir='ltr'><strong>Pa-</strong></span> 
     </span>
     <span class='ocr_line' id='line_1_30' title="bbox 265 4007 2405 4096; baseline -0.003 -7"><span class='ocrx_word' id='word_1_196' title='bbox 265 4017 424 4090; x_wconf 86' lang='lat' dir='ltr'><strong>latii</strong></span> <span class='ocrx_word' id='word_1_197' title='bbox 464 4017 559 4088; x_wconf 91' lang='lat' dir='ltr'><strong>sit</strong></span> <span class='ocrx_word' id='word_1_198' title='bbox 595 4011 1005 4096; x_wconf 85' lang='lat' dir='ltr'><strong>maioribus,</strong></span> <span class='ocrx_word' id='word_1_199' title='bbox 1039 4010 1350 4086; x_wconf 85' lang='lat' dir='ltr'><strong>instituti</strong></span> <span class='ocrx_word' id='word_1_200' title='bbox 1385 4007 1711 4084; x_wconf 86' lang='lat' dir='ltr'><strong>Fratrum</strong></span> <span class='ocrx_word' id='word_1_201' title='bbox 1748 4007 2163 4086; x_wconf 87' lang='lat' dir='ltr'><strong>Scholarum</strong></span> <span class='ocrx_word' id='word_1_202' title='bbox 2200 4007 2405 4084; x_wconf 89' lang='lat' dir='ltr'><strong>Chri-</strong></span> 
     </span>
     <span class='ocr_line' id='line_1_31' title="bbox 265 4131 2401 4225; baseline -0.003 -16"><span class='ocrx_word' id='word_1_203' title='bbox 265 4138 664 4209; x_wconf 86' lang='lat' dir='ltr'><strong>stianarum</strong></span> <span class='ocrx_word' id='word_1_204' title='bbox 723 4154 896 4208; x_wconf 80' lang='lat' dir='ltr'><strong>vcro</strong></span> <span class='ocrx_word' id='word_1_205' title='bbox 947 4134 1342 4206; x_wconf 86' lang='lat' dir='ltr'><strong>minorihus</strong></span> <span class='ocrx_word' id='word_1_206' title='bbox 1407 4131 1960 4225; x_wconf 86' lang='lat' dir='ltr'><strong>reparationibus</strong></span> <span class='ocrx_word' id='word_1_207' title='bbox 2014 4133 2401 4205; x_wconf 88' lang='lat' dir='ltr'><strong>consulere.</strong></span> 
     </span>
     <span class='ocr_line' id='line_1_32' title="bbox 266 4249 2401 4348; baseline -0.002 -20"><span class='ocrx_word' id='word_1_208' title='bbox 266 4249 416 4330; x_wconf 84' lang='lat' dir='ltr'><strong>Nos</strong></span> <span class='ocrx_word' id='word_1_209' title='bbox 481 4256 658 4327; x_wconf 87' lang='lat' dir='ltr'><strong>haec</strong></span> <span class='ocrx_word' id='word_1_210' title='bbox 719 4254 1121 4336; x_wconf 84' lang='lat' dir='ltr'><strong>statuimus,</strong></span> <span class='ocrx_word' id='word_1_211' title='bbox 1177 4253 1620 4327; x_wconf 87' lang='lat' dir='ltr'><strong>decernimus</strong></span> <span class='ocrx_word' id='word_1_212' title='bbox 1681 4263 1889 4348; x_wconf 87' lang='lat' dir='ltr'><strong>atque</strong></span> <span class='ocrx_word' id='word_1_213' title='bbox 1954 4250 2401 4336; x_wconf 87' lang='lat' dir='ltr'><strong>mandamus,</strong></span> 
     </span>
     <span class='ocr_line' id='line_1_33' title="bbox 267 4365 2405 4470; baseline -0.002 -22"><span class='ocrx_word' id='word_1_214' title='bbox 267 4395 416 4449; x_wconf 89' lang='lat' dir='ltr'><strong>non</strong></span> <span class='ocrx_word' id='word_1_215' title='bbox 471 4372 948 4459; x_wconf 77' lang='lat' dir='ltr'><strong>obstantihuS‚</strong></span> <span class='ocrx_word' id='word_1_216' title='bbox 983 4373 1042 4444; x_wconf 87' lang='lat' dir='ltr'><strong>si</strong></span> <span class='ocrx_word' id='word_1_217' title='bbox 1097 4395 1270 4470; x_wconf 90' lang='lat' dir='ltr'><strong>opus</strong></span> <span class='ocrx_word' id='word_1_218' title='bbox 1324 4373 1566 4461; x_wconf 76' lang='lat' dir='ltr'><strong>fuerit,</strong></span> <span class='ocrx_word' id='word_1_219' title='bbox 1625 4369 1881 4448; x_wconf 86' lang='lat' dir='ltr'><strong>Nostra</strong></span> <span class='ocrx_word' id='word_1_220' title='bbox 1934 4381 2009 4447; x_wconf 91' lang='lat' dir='ltr'><strong>et</strong></span> <span class='ocrx_word' id='word_1_221' title='bbox 2044 4365 2405 4446; x_wconf 83' lang='lat' dir='ltr'><strong>Cancella-</strong></span> 
     </span>
    </p>
   </div>
  </div>
 </body>
</html>
