3292 5275
865 589 1053 681 scopi
1091 582 1954 669 HarlemensisrLambei-ti
2012 591 2097 674 de
2154 588 2320 684 long
2357 587 2733 684 Casparem
2790 587 2997 662 loan-

863 731 1018 780 nem
1055 693 1447 781 Rinkel'ex
1511 709 1869 782 damnatae
1932 709 2103 783 s'uae
2164 725 2389 784 sectae
2446 711 2656 782 sociis
2710 713 2828 782 die
2872 707 2993 781 xl.

864 832 1140 924 augusti
1195 832 1326 902 hoc
1409 851 1594 901 anno
1654 825 2105 929 Roterodami
2175 851 2611 918 consecrare,
2671 833 2999 925 itemque

863 950 1103 1034 eodem
1159 950 1270 1022 die
1311 951 1771 1048 episcopalem
1827 932 2420 1023 consecrationem
2482 949 2778 1046 losepbo
2834 947 3005 1023 Hu-

862 1069 1063 1141 berto
1107 1051 1475 1142 ¹Reinkcns
1511 1121 1531 1156 ,
1594 1094 1633 1143 a
1692 1073 2033 1160 catholica
2092 1069 2226 1144 fide
2280 1083 2677 1166 apostatae,
2740 1074 3005 1164 imper·

866 1193 1025 1275 tire,
1083 1215 1284 1284 quem
1342 1189 1847 1265 neo-haeretici
1907 1182 2355 1280 Germaniae,
2396 1195 2519 1284 qui
2578 1215 2655 1264 se
2710 1203 3004 1264 veteres

865 1312 1242 1384 catholicos
1316 1314 1591 1396 dicunt,
1661 1315 1730 1384 in
1786 1334 1989 1386 suum
2046 1313 2765 1407 pseudo-episcopum
2856 1314 3001 1385 sibi

869 1443 1132 1503 temere
1191 1434 1548 1524 elegerant
1603 1444 1676 1503 ct
1730 1436 2266 1505 constituerant.

1079 1547 1152 1621 ln
1209 1551 1313 1622 his
1368 1575 1536 1625 vero
1586 1545 1945 1645 sacrilegis
1985 1547 2547 1626 'ordinationibus
2588 1567 3007 1627 sanctorum

867 1694 1211 1745 canonum
1267 1688 1642 1767 praccepta
1699 1677 1785 1746 ab
1826 1697 1899 1748 se
1942 1685 2183 1786 sancte
2226 1688 2510 1746 servata
2552 1677 2797 1758 fuisse,
2841 1676 3007 1746 suis

867 1794 1120 1866 litteris
1151 1791 1354 1868 Nobis
1393 1797 1868 1869 demonstrare
1913 1794 2402 1889 praesumpsit,
2437 1809 2789 1888 tamquam
2828 1819 3013 1868 san-

866 1925 1138 1987 ctorum
1194 1938 1530 1988 canonum
1588 1919 1739 2014 iure
1800 1918 1925 2016 niti
1968 1919 2186 2014 possit
2222 1918 2407 2009 quod
2448 1930 2691 1988 contra
2732 1911 3013 1988 Roma-

867 2055 1114 2108 norum
1169 2031 1588 2111 Pontificum
1647 2049 1719 2108 et
1772 2033 2249 2110 Conciliorum
2316 2038 2945 2109 oecumenicorum
2988 2087 3011 2123 ,

870 2155 1165 2228 maxime
1225 2153 1668 2243 Tridentini,
1730 2161 2132 2260 sanctiones
2166 2206 2186 2241 ,
2247 2171 2486 2230 contra
2544 2153 3013 2248 Apostolicae

796 2286 805 2296 '
868 2272 1064 2349 Sedis
1117 2279 1294 2369 iura,
1342 2291 1581 2354 contra
1636 2281 1987 2356 unitatem
2046 2276 2397 2352 Ecclesiae
2453 2274 2715 2349 Christi
2778 2280 3015 2371 impie

868 2409 1104 2472 actum
1165 2413 1293 2481 est.
1328 2397 1707 2475 Praeterea
1766 2387 2149 2472 incredibili
2206 2396 2497 2473 audacia
2539 2420 2675 2469 non
2712 2399 3017 2486 dubitat

869 2503 1200 2613 corrupta
1257 2494 1620 2593 Ecclesiae
1676 2522 2036 2605 membra,
2096 2543 2281 2614 quae
2336 2519 2424 2592 ab
2482 2519 2632 2612 ipsa
2688 2521 3019 2612 turpiter

866 2641 934 2710 in
988 2635 1363 2715 Germania
1417 2642 1863 2716 desciverunt
1939 2644 2301 2735 ipsamque
2356 2640 2705 2715 hostiliter
2770 2662 3023 2735 oppu-

870 2774 1132 2854 gnam,
1192 2764 1413 2840 veluti
1469 2765 1849 2837 catholicos
1906 2761 2152 2836 fideles
2228 2762 2791 2857 persecutionem
2878 2785 3021 2855 pro

866 2885 1174 2969 iustitia
1199 2884 1546 2977 patientes
1599 2886 1855 2959 habere
1890 2930 1913 2968 ‚
1973 2884 2143 2957 dum
2197 2905 2238 2956 e
2294 2884 2642 2957 contrario
2709 2896 3023 2975 speeta-

870 3006 1196 3084 tissimus·
1230 3002 1611 3119 Episcopos
1670 3001 1798 3078 Dei
1858 3027 2137 3092 causam
2195 3005 2267 3077 in
2323 3026 2405 3075 ea
2475 3004 2761 3099 regione
2820 3016 3027 3077 stre-

869 3150 1028 3203 nne
1064 3140 1360 3201 tuentes
1397 3104 1618 3202 veluti
1662 3128 1975 3204 crudeles
2012 3124 2274 3200 Christi
2336 3126 2563 3217 gregis
2619 3137 3023 3200 vexatores

869 3252 1156 3348 indigne
1193 3251 1569 3343 vituperat.
1615 3245 1758 3322 Nec
1820 3247 2095 3320 demum
2147 3247 2400 3341 refugit
2439 3260 2803 3341 tamquam
2844 3270 3025 3340 pro-

868 3373 1065 3446 fanas
1122 3370 1471 3445 novitates
1528 3372 1894 3445 traducere
1932 3390 2017 3441 ea
2068 3370 2414 3461 dogmata,
2454 3390 2633 3463 quae
2670 3369 2763 3440 de
2802 3392 3027 3463 prae-

861 3488 1204 3584 rogativis
1261 3487 1954 3583 Apostolieae-Sedis
2011 3490 2100 3563 ab
2153 3489 2609 3565 oecumenico
2660 3483 3021 3565 Vaticano

875 3610 1186 3687 Concilio
1241 3590 1532 3721 delinita
1578 3612 1891 3687 omnium
1958 3610 2456 3687 catholicorum
2496 3611 2725 3705 pietas
2768 3610 3021 3687 debito

861 3736 1034 3828 ‚fidei
1092 3734 1446 3831 obsequio:
1485 3736 1959 3829 prosequitur.

863 3947 876 3961 ι
1070 3852 1222 3931 -vos
1279 3857 1416 3929 iam
1471 3857 1784 3941 noscitiS,
1812 3851 2255 3932 venerabiles
2294 3848 2578 3926 Fratres
2618 3862 2687 3924 et
2728 3847 3017 3926 Dilecti

873 3974 1058 4065 Filii,
1094 3999 1184 4053 ex
1213 3976 1595 4072 encyclicis
1631 3973 1921 4054 Litteris
1980 3998 2206 4071 nuper
2256 3998 2295 4051 a
2336 3968 2551 4046 Nobis
2589 3974 2769 4047 datis
2810 3974 3021 4047 iudi-

872 4122 1065 4185 etum
1111 4100 1300 4195 quo'd
1351 4100 1436 4204 de
1491 4098 1777 4173 nefaria
1832 4100 2175 4173 electione
2232 4108 2302 4171 et
2358 4096 2697 4185 sacrilega
2754 4114 3023 4169 conse-

877 4223 1193 4295 eratione
1252 4219 1532 4317 losephi
1588 4218 1885 4294 Huberti
1942 4198 2304 4293 Reinkens
2360 4218 2728 4300 edidimus,
2770 4230 2847 4288 et
2888 4240 3023 4289 so-

875 4347 1179 4421 lemnem
1233 4364 1531 4439 poenam
1597 4344 1969 4417 canonicae
2036 4340 2667 4415 animadversionis
2700 4386 2721 4425 ‚
2784 4360 3021 4433 quam
