3292 5275
2228 506 2379 591 149

264 652 627 727 dissimum
683 661 947 725 statum
1001 653 1361 738 restituta,
1394 650 1737 741 reposita,
1769 659 1841 720 et
1896 650 2205 740 plenarie
2272 663 2389 722 re·-

265 774 606 868 integrata
645 797 724 846 ac
751 774 836 845 de
875 795 1057 846 novo
1095 772 1307 845 etiam
1359 774 1488 843 sub
1526 790 1961 864 quacumque
2016 768 2387 863 posteriori

265 894 428 969 data
481 894 1058 989 quandocumque
1113 894 1435 987 eligenda
1489 912 1839 966 concessa
1872 912 2027 963 esse
2081 902 2155 963 et
2206 892 2386 975 fore,

265 1014 502 1113 sieque
555 1026 627 1088 et
681 1036 826 1087 non
881 1016 1050 1087 alias
1105 1036 1228 1107 per
1295 1034 1788 1107 quoscumque
1844 1008 2117 1086 Iudices
2196 1010 2389 1085 ordi:-

263 1135 500 1213 uarios
553 1138 674 1211 vel
750 1134 1104 1227 delegatos
1181 1138 1440 1231 quavis
1493 1134 1917 1209 auctoritate
1982 1132 2385 1227 fungentes,

266 1258 478 1331 etiam
531 1280 910 1332 causarum
947 1254 1208 1331 Palatii
1246 1254 1634 1351 Apostolici
1678 1252 2059 1329 Auditor-es
2094 1276 2179 1329 ac
2208 1252 2387 1327 San-

269 1390 428 1453 ctae
457 1374 822 1451 Romanae
851 1374 1210 1451 Ecclesiae
1245 1374 1663 1451 Cardinales
1733 1377 1945 1449 etiam
2008 1377 2093 1449 de
2134 1372 2386 1450 Latere

267 1494 594 1591 Legatos,
609 1494 1110 1590 ViceLegatos,
1133 1500 1505 1593 dictaeque
1528 1496 1733 1571 Sedis
1752 1494 2183 1585 NuneioS,ac
2212 1498 2388 1573 alios

270 1642 744 1715 quoscumque
795 1620 1048 1712 quavis
1105 1643 1196 1693 au
1212 1623 1568 1707 ctoritate,
1599 1630 1973 1715 potestate,
2014 1640 2391 1714 praeroga-

271 1742 449 1828 tiva,
479 1741 742 1815 honore
797 1752 870 1813 et
925 1740 1481 1834 praeeminentia
1535 1741 1912 1835 fulgentes»,
1940 1742 2218 1813 sublata
2282 1742 2389 1814 eis

271 1874 344 1933 et
397 1882 636 1937 eorum
691 1862 984 1935 cuilibet
1039 1862 1288 1956 quavis
1345 1864 1562 1933 aliter
1615 1862 1975 1935 iudicandi
2031 1873 2100 1933 et
2166 1862 2393 1935 inter-³

277 1984 606 2074 pretendi
657 1983 990 2057 facultate
1046 1995 1118 2056 et
1173 1983 1626 2062 auctoritate,
1688 1982 2014 2067 iudicari,
2070 1992 2143 2055 et
2216 1982 2393 2055 defi-

273 2101 410 2173 niri
449 2102 730 2189 dehere,
773 2113 845 2177 et
885 2104 1220 2197 quidquid
1259 2126 1470 2196 super
1513 2103 1622 2175 his
1668 2126 1709 2176 a
1746 2123 2103 2199 quoquam
2135 2104 2387 2198 quavis

275 2226 688 2297 auctoritate
743 2228 1056 2299 scienter
1109 2226 1230 2300 vel
1287 2227 1697 2317 ignoranter
1754 2226 2129 2317 contigerit
2164 2237 2393 2299 atten-

273 2346 406 2417 tari
463 2345 740 2421 irritum
797 2357 870 2418 et
925 2347 1130 2419 inane
1183 2346 1656 2419 decernimus.

489 2460 838 2554 Quocirca
891 2479 1288 2554 memorato,
1343 2464 1653 2539 Antonio
1710 2462 1995 2540 Valerio
2038 2462 2395 2563 Episcopo

275 2606 399 2680 per
451 2588 735 2662 easdem
798 2600 1205 2682 praesentes
1266 2590 1775 2664 committimus
1830 2600 1917 2662 et·
1954 2588 2390 2677 mandamus,

274 2719 354 2780 ut
387 2709 537 2802 ipse
575 2709 662 2782 ad
701 2710 1234 2802 praemissorum
1271 2711 1586 2783 omnium
1627 2711 2179 2811 exequutionem
2224 2733 2393 2804 pro-

276 2829 500 2916 cedat,
531 2833 966 2927 necessarias
1021 2842 1092 2904 et
1145 2844 1610 2926 opportunas.
1643 2833 1713 2902 ei
1768 2831 2233 2923 impartiendo
2283 2834 2397 2903 ‚fa-

277 2949 591 3037 cultateS,
623 2952 876 3045 quihus
931 2953 1018 3024 ad
1076 2953 1215 3026 hoc
1270 2952 1773 3045 perficiendum
1838 2953 2210 3042 negocium
2282 2954 2403 3023 al-

280 3085 498 3144 teram
559 3095 842 3167 quoque
922 3073 1252 3148 idoneam
1336 3093 1711 3166 personam
1783 3073 1855 3144 in
1919 3072 2389 3148 ecclesiastica

277 3199 518 3266 tamen
573 3193 910 3284 dignitate
967 3197 1434 3268 constitutam
1491 3195 1951 3286 subdelegare
2005 3207 2241 3287 queat,
2292 3195 2393 3265 ita

276 3324 512 3388 tamen
566 3325 646 3388 ut
701 3315 886 3388 idem
921 3311 1247 3389 Valerius
1297 3313 1646 3388 Antonius
1678 3311 2083 3408 'Episcopus
2123 3335 2247 3408 per
2284 3337 2389 3399 se,

277 3437 398 3510 vel
437 3437 658 3530 ipsam
697 3437 1300 3530 subdelegandam
1339 3457 1719 3528 personam
1756 3435 1987 3510 valeat
2024 3456 2105 3508 ea
2147 3445 2397 3510 cuncta

281 3557 635 3641 ordinare,
665 3559 920 3644 facere,
961 3557 1349 3642 declarare,
1382 3568 1462 3630 a'c
1511 3557 1727 3630 etiam
1784 3557 2138 3630 definitive
2204 3559 2397 3628 omni

281 3678 769 3771 appellatione,
801 3681 1032 3771 siqua
1089 3677 1326 3752 forsan
1383 3678 1719 3752 inciderit
1777 3679 2059 3771 penitus
2102 3688 2393 3761 remota,

277 3798 660 3872 decernere
715 3821 900 3893 quae
957 3802 1176 3890 magis
1245 3801 1330 3872 ad
1397 3801 1785 3894 praemissa
1854 3800 2090 3874 omnia
2177 3798 2395 3890 probe

279 3917 714 4014 fideliterque
772 3920 1194 4013 perficienda
1247 3931 1651 4014 opportuna
1707 3931 1920 4013 atque
1970 3919 2175 3994 utilia
2214 3918 2401 3990 iudi-

281 4045 579 4116 caverit.
1653 4055 1669 4066 ⁴

493 4157 646 4237 Non
675 4161 1122 4239 obstantibus
1159 4175 1548 4238 memorato
1585 4159 1887 4237 Decreto
1928 4165 1995 4236 in
2035 4184 2113 4234 ea
2164 4172 2398 4256 parte,

282 4305 460 4381 quae
501 4287 770 4360 eisdem
807 4287 1296 4380 praesentibus
1337 4287 1699 4363 adversari
1740 4294 2003 4381 posset,
2014 4306 2096 4358 ac
2134 4279 2399 4358 Nostra
