3292 5275
2279 476 2431 559 173

313 614 586 689 carium
634 608 1106 706 Capitularem
1159 614 1488 687 canonice
1541 612 1843 689 electum
1898 612 2244 693 translata
2279 620 2433 691 fue-

314 737 457 807 rint
511 735 600 805 ad
653 736 952 807 formam
1003 752 1358 807 sacrorum·
1409 732 1770 820 canonum,
1808 758 1889 807 ac
1944 740 2139 809 nulla
2206 740 2434 813 subsit

311 874 519 929 causa
575 872 736 927 eum
793 855 1098 929 invitum
1153 848 1342 927 nunc
1395 856 1486 927 ab
1521 858 1751 927 officio
1790 856 2225 943 removendi,
2264 872 2335 931 et
2374 876 2437 947 si

311 996 450 1068 qua
506 976 684 1046 forte
741 975 1052 1057 adesset,
1077 996 1161 1047 ea
1202 976 1572 1048 iudicanda
1629 989 1702 1047 et
1756 974 2205 1070 approbanda
2244 980 2432 1056 foret

311 1114 452 1166 non
492 1115 532 1164 a
559 1089 895 1187 Capitulo
943 1096 1066 1167 sed
1103 1098 1195 1167 ab
1220 1092 1618 1190 Apostolica
1643 1092 1823 1169 Sede
1860 1098 2049 1169 iuxta
2086 1118 2423 1191 response

309 1210 684 1290 Sacrarum
737 1212 1388 1310 Congregationum.
1447 1214 1616 1289 Post
1688 1216 1867 1289 hanc
1945 1216 2431 1313 gravissimam

308 1330 570 1407 Vicarii
623 1333 1046 1429 capitularis
1121 1330 1661 1413 obtestationem
1736 1349 1807 1411 et
1882 1343 2424 1415 declarationem

309 1462 506 1533 siluit
543 1458 974 1555 Capitulum,
1025 1463 1139 1537 vel
1195 1466 1440 1535 saltem
1493 1484 1638 1533 non
1696 1472 1975 1535 constat
2027 1463 2243 1536 ullam
2277 1454 2431 1535 'de-

307 1580 488 1654 disse
543 1586 1093 1678 responsionem.
1127 1578 1268 1655 Nec
1321 1581 1600 1667 mirum,
1632 1602 1797 1653 nam
1834 1593 1991 1675 post
2028 1604 2244 1677 supra
2280 1607 2429 1657 me-

303 1717 642 1777 moratam
695 1704 1316 1779 extraordinariam
1371 1705 1803 1788 sessionem,
1862 1726 1999 1797 qua
2054 1705 2414 1778 decretum

302 1836 415 1899 est
467 1826 764 1919 spolium
798 1824 1088 1919 legitimi
1125 1821 1386 1897 Vicarii
1423 1821 1868 1916 Capitularis,
1899 1820 2213 1899 Decanus
2251 1822 2423 1901 Em-

301 1949 575 2020 manuel
630 1943 900 2031 Miura,
957 1958 1030 2018 et
1107 1944 1224 2017 alii
1303 1946 1535 2018 eidem
1589 1945 2043 2049 adhaerentes
2100 1951 2412 2041 regimen

301 2071 624 2141 vacantis
661 2064 1014 2140 Ecclesiae
1053 2069 1123 2138 in
1161 2070 1510 2141 famosum
1535 2062 1825 2137 Petrum
1855 2064 2183 2141 Llorente
2224 2081 2425 2144 tran-

299 2192 700 2275 stulerunt,
758 2189 878 2283 qui
931 2192 1266 2262 saeculari
1325 2198 1669 2281 potestate
1724 2176 1941 2259 fretus
1996 2189 2111 2261 die
2170 2182 2221 2263 3
2276 2188 2419 2264 Fe-

297 2312 560 2382 bruarii
617 2310 1126 2404 possessionem
1180 2310 1699 2403 apprehendere
1759 2330 1891 2381 non
1956 2312 2237 2385 eruhuit
2266 2362 2286 2399 ,
2346 2323 2417 2386 et

297 2433 827 2505 ecclesiasticam
857 2414 1411 2505 iurisdictionem
1441 2433 1678 2502 statim
1709 2431 1976 2503 nefario
2006 2452 2179 2504 ausu
2222 2454 2419 2507 exer-

299 2574 460 2627 cere
501 2555 786 2648 incepit,
825 2550 1296 2625 Secretariam
1351 2546 1763 2642 vicariatum,
1801 2538 2253 2649 reliquasque
2290 2576 2417 2627 ec·-

299 2675 664 2748 clesiastici
742 2674 1062 2768 gubernii
1137 2675 1445 2746 officinas
1501 2671 1570 2744 vi
1625 2676 1861 2748 civica
1918 2687 1990 2746 et
2050 2678 2414 2750 coactione

299 2799 703 2889 occupavit,
766 2797 1268 2868 nominationes
1323 2791 1822 2867 ad·Beneflcia
1902 2808 2141 2868 curata
2214 2797 2409 2882 fecit,

295 2913 647 2990 Parochos
703 2915 834 2989 sibi
893 2917 1224 2988 adversos
1280 2917 1568 2996 amovit,
1602 2917 1835 3008 ipsum
1866 2905 2228 2990 Vicarium
2260 2912 2411 2989 Ca·-

293 3038 659 3132 pitularem
716 3038 1132 3130 expoliatum
1185 3039 1620 3131 obstringere
1688 3037 2021 3110 tentavit
2054 3040 2145 3110 ad
2198 3039 2414 3112 ratio-

291 3179 456 3231 nem
512 3162 577 3232 ei
631 3160 1051 3232 reddendam
1105 3160 1190 3230 de
1247 3160 1330 3230 iis
1387 3159 1711 3231 omnibus
1767 3176 1944 3251 quae
2004 3162 2079 3230 in
2117 3178 2409 3232 munere

291 3277 556 3354 Vicarii
613 3281 1003 3353 exercendo
1056 3281 1310 3352 fecerat
1339 3328 1360 3366 ,
1417 3299 1713 3373 eumque
1768 3280 1895 3352 hoc
1962 3267 2403 3352 recusantem

290 3405 369 3476 in
425 3425 550 3475 sua
605 3403 812 3474 domo
867 3404 952 3472 ad
987 3403 1274 3473 modum'
1305 3401 1604 3474 carceris
1641 3401 1973 3484 detinuit,
2018 3389 2403 3473 auxilio·ad

284 3527 467 3596 hunc
530 3523 743 3596 finem
797 3545 838 3594 a
893 3525 1236 3595 saeculari
1312 3533 1659 3615 potestate
1734 3524 2130 3614 implorato.
2192 3517 2403 3593 Hisce

281 3667 430 3717 non
505 3645 934 3716 obstantibus
989 3665 1193 3719 suum
1257 3661 1410 3716 esse
1462 3645 1662 3718 duxit
1716 3639 2031 3716 Vicarius
2087 3663 2213 3735 per
2266 3663 2403 3713 en·-

285 3767 588 3860 cyclicas
646 3761 918 3837 Literas
975 3751 1060 3837 de
1133 3767 1473 3858 completa
1549 3766 1911 3837 invasione
1964 3774 2039 3836 et
2095 3785 2399 3856 usurpa-

281 3887 482 3958 tione
533 3888 870 3959 certiores
925 3885 1216 3958 reddere
1273 3882 1586 3958 Vicarios
1643 3879 2017 3971 For-anem,
2067 3888 2399 3980 aliosque

279 4026 586 4101 quorum
641 4009 974 4079 interesse
1038 4015 1334 4099 poterat.
1413 4026 1418 4032 ·

497 4123 576 4197 ln
617 4127 758 4198 'hoc
813 4128 1092 4199 infando
1129 4135 1224 4197 ‘ac
1279 4111 1679 4202 detestabili
1720 4147 1952 4202 rerum
2000 4137 2217 4211 statu,
2254 4139 2399 4222 quo

279 4240 526 4320 Clerus
577 4259 649 4320 et
705 4249 1000 4344 populus
1055 4237 1439 4321 catholicus
1482 4233 1564 4320 -in
1619 4247 1925 4323 Cubensi
1983 4243 2398 4342 Metropoli*
