3292 5275
2301 492 2450 579 187

321 632 429 703 ria
490 631 565 703 in
622 628 773 704 Deo
829 633 1268 718 abscondita,
1298 658 1508 729 quae,
1552 634 1684 706 nisi
1734 635 2051 707 revelata
2077 634 2446 724 divinituS,

316 752 765 825 innotescere
818 774 957 825 non
1013 765 1335 846 possunt.
1396 750 1742 843 Quocirca
1791 750 2203 847 Apostolus»,
2242 762 2368 852 qui
2405 781 2446 832 a

318 872 645 965 gentibus
698 868 927 946 Deum
993 894 1116 967 per
1168 896 1283 961 ea,
1336 896 1518 969 quae
1572 878 1754 947 facta
1819 886 2030 959 sunt,
2089 876 2448 967 cognitum

316 1015 475 1067 esse
534 1004 866 1078 testatur,
923 996 1277 1067 disserens
1330 1008 1563 1068 tamen
1616 995 1702 1065 de
1760 995 1976 1087 gratia
2013 1008 2084 1067 et
2113 996 2443 1084 veritate,

314 1136 505 1207 quae
561 1137 687 1208 per
741 1112 971 1188 lesum
1020 1112 1381 1190 Christum
1419 1117 1601 1189 iacta
1657 1129 1764 1188 est
1819 1108 1954 1213 (1),
2013 1120 2441 1209 pronuntiat:

314 1231 706 1329 Loquimur
745 1233 871 1309 Dei
928 1237 1344 1330 sapientiam
1392 1240 1463 1308 in
1513 1236 1880 1331 mysterio,
1912 1258 2094 1330 quae
2151 1239 2445 1313 abscon-

315 1354 466 1425 dita
522 1368 655 1444 est,
709 1379 920 1451 quam
976 1357 1533 1450 praedestinavit
1588 1353 1780 1432 Deus
1832 1368 1994 1431 ante
2051 1361 2331 1432 saecula
2370 1359 2441 1432 in

312 1478 619 1571 gloriam
672 1490 1008 1563 nostram,
1057 1499 1269 1571 quam
1322 1500 1523 1551 nemo
1579 1479 1971 1573 principum
2027 1479 2240 1552 huius
2289 1502 2444 1553 sae-

312 1599 459 1669 culi
528 1597 903 1689 cognovit:
936 1600 1036 1655 ἑ·-
1080 1596 1293 1672 Nobis
1359 1610 1599 1673 autem
1655 1599 2000 1673 revelavit
2063 1595 2254 1673 Deus
2311 1622 2440 1693 per

311 1711 665 1809 Spiritum
696 1741 951 1793 suum:
991 1715 1291 1813 Spiritus
1321 1721 1511 1791 enim
1538 1720 1773 1791 omnia
1811 1729 2190 1803 scrutatur,
2219 1717 2435 1792 etiam

312 1838 667 1929 profunda
723 1836 847 1911 Dei
905 1832 1035 1939 (2).
1073 1837 1169 1912 Et
1225 1842 1377 1933 ipse
1429 1835 1848 1931 Unigenitus
1903 1840 2273 1913 confitetur
2309 1838 2440 1914 Pa-

314 1958 444 2045 tri,
499 1961 663 2052 quia
720 1960 1074 2032 abscondit
1132 1963 1303 2034 haec
1363 1984 1404 2033 a
1460 1960 1896 2053 sapientibus
1928 2007 1949 2044 ,
2007 1970 2082 2032 et
2137 1962 2440 2055 pruden-

309 2078 535 2163 tibus,
593 2091 667 2153 et
720 2081 1071 2155 revelavit
1117 2103 1201 2154 ea
1257 2082 1568 2174 parvulis
1622 2072 1753 2181 (3).

530 2196 633 2273 Ac
689 2204 867 2276 ratio
919 2204 1233 2296 quidem,
1290 2202 1427 2276 fide
1483 2204 1859 2287 illustrata,
1917 2226 2081 2279 cum
2145 2194 2384 2281 sedulo
2413 2248 2442 2287 ‚

314 2322 428 2417 pie
486 2334 557 2394 et
614 2324 845 2395 sobrie
896 2325 1197 2417 quaerit,
1258 2325 1588 2416 aliquam,
1656 2320 1808 2397 Deo
1864 2320 2118 2414 dante,
2169 2340 2438 2420 myste-

310 2442 579 2515 riorum
634 2444 1157 2538 intelligentiam
1211 2464 1507 2537 eamque
1566 2446 2188 2518 fructuosissimam
2245 2470 2436 2520 asse-

310 2562 579 2660 quitur,
640 2576 788 2637 tum
842 2586 924 2635 ex
978 2584 1269 2648 eorum,
1327 2586 1513 2659 quae
1567 2566 1984 2637 naturaliter
2038 2570 2431 2660 cognoscit,

314 2687 665 2780 analogia,
724 2697 879 2758 tum
914 2707 954 2758 e
992 2685 1487 2777 mysteriorum
1540 2685 1852 2779 ipsorum
1907 2709 2098 2760 nexu
2137 2689 2320 2762 inter
2355 2711 2431 2763 se

311 2818 386 2880 et
440 2829 604 2878 cum
640 2808 777 2880 fine
817 2807 1117 2879 hominis
1156 2807 1453 2896 ultim03
1506 2829 1866 2901 nunquam
1904 2819 2138 2881 tamen
2173 2809 2431 2885 idonea

314 2929 641 3002 redditur
695 2930 785 3001 ad
838 2949 923 3001 ea
978 2926 1454 3021 perspicienda
1510 2929 1736 3000 instar
1790 2930 2196 3014 veritatum,
2249 2951 2428 3025 quae

312 3047 675 3143 proprium
729 3050 953 3142 ipsius
1006 3041 1357 3121 obiectum
1412 3049 1878 3122 constituunt.
1936 3045 2196 3123 Divina
2243 3051 2431 3124 enim

313 3169 641 3266 mysteria
695 3180 937 3262 suapte
988 3178 1245 3242 natura
1284 3169 1716 3240 intellectum
1752 3181 2070 3243 creatum
2097 3167 2196 3241 sic
2223 3191 2433 3244 exce-

311 3291 509 3376 dunt,
563 3300 644 3363 ut
698 3291 914 3362 etiam
970 3289 1394 3361 revelatione
1451 3287 1708 3361 tradita
1763 3301 1838 3362 et
1891 3289 2026 3362 fide
2073 3302 2426 3385 suscepta,

310 3413 535 3505 ipsius
586 3425 819 3484 tamen
849 3410 1013 3483 fidei
1051 3409 1403 3482 velamine
1445 3421 1766 3482 contecta
1793 3423 1867 3482 et
1893 3410 2191 3504 quadam
2226 3413 2427 3507 quasi

308 3533 609 3623 ealigine
664 3531 991 3605 obvoluta
1046 3541 1411 3612 maneant,
1464 3531 1796 3624 quamdiu
1851 3533 1927 3604 in
1963 3533 2095 3604 hae
2149 3537 2426 3608 mortali

310 3656 459 3726 vita
519 3655 1049 3745 peregrinamur
1102 3673 1142 3722 a
1200 3645 1543 3724 Domino:
1604 3673 1732 3744 per
1787 3652 1996 3726 fidem
2047 3655 2234 3726 enim
2278 3677 2428 3728 am-

308 3775 658 3857 bulamus,
715 3785 787 3846 et
841 3795 983 3847 non
1039 3795 1164 3867 per
1219 3773 1528 3867 speciem
1582 3765 1722 3870 (4).

468 4087 551 4170 (1)
591 4086 769 4153 loan.
816 4087 867 4151 1.
908 4085 1009 4153 17.

464 4181 549 4264 (2)
588 4178 649 4246 1.
695 4180 843 4248 Cor.
892 4181 973 4245 11.
1016 4181 1147 4250 7-9.

467 4273 551 4356 (3)
592 4273 827 4340 Mattb.
872 4273 989 4340 XI.
1032 4271 1135 4342 25.

466 4367 549 4451 (4)
587 4367 650 4435 2.
694 4369 845 4436 Cor.
890 4367 971 4434 V.
1014 4367 1055 4434 7
