3292 5275
872 468 977 563 92

866 611 960 687 sti
1024 609 1329 695 nomine,
1384 612 1585 700 cuius
1639 612 1800 687 vice
1853 611 2209 703 tangimur
2263 611 2338 685 in
2399 611 2632 699 terris,
2677 631 3009 686 execran-

867 742 977 805 tes
1010 775 1031 816 ‚
1090 734 1507 807 anctoritate
1562 710 1989 809 Sanctorum
2069 728 2568 824 Apostolorum
2649 726 2836 808 Petri
2921 745 3004 806 et

866 846 1067 954 Pauli
1120 873 1201 924 ac
1258 831 1507 924 Nostra
1561 853 1734 924 illud
1789 854 2202 944 damnamus
2260 875 2406 928 una
2457 873 2624 927 cum
2677 855 3002 946 quolibet

860 973 1217 1046 schemate
1270 973 1477 1066 legia,
1527 995 1712 1067 quae
1749 973 1882 1046 sibi
1917 953 2335 1068 potestatem
2391 978 2674 1063 arroget
2725 994 3000 1066 angen-

862 1093 961 1183 di,
1021 1093 1356 1183 venandi,
1412 1094 1811 1180 minuendi,
1867 1095 2346 1187 supprimendi
2405 1091 2802 1184 Religiosas
2857 1089 3004 1188 Fa·-

864 1215 1095 1314 milias
1137 1209 1429 1308 Romae·
1460 1224 1534 1286 et
1590 1215 1662 1285 in
1703 1194 2238 1313 ‘circumpositis
2291 1213 2702 1308 provinciis,
2757 1212 2995 1310 ibique

861 1331 1261 1436 Ecclesiam
1315 1333 1641 1428 privandi
1699 1336 1848 1428 suis
1903 1334 2140 1420 bonis,
2195 1355 2422 1432 eaque
2483 1334 2854 1408 addicendi
2909 1334 3002 1406 fi-

864 1474 985 1528 sco
1013 1466 1169 1541 ,aut
1222 1454 1447 1570 aliter!
1476 1455 1838 1546 erogandi.
1898 1449 2183 1526 Iri-itum
2245 1466 2616 1548 propterea
2679 1476 3004 1548 pronun-

862 1573 1127 1648 ciamus
1183 1574 1320 1648 iam
1376 1596 1563 1649 nunc
1618 1575 1965 1670 quidquid
2013 1573 2166 1648 fieri
2206 1577 2382 1648 velit
2417 1587 2670 1648 contra
2707 1577 2866 1650 iura
2921 1588 3000 1650 et

862 1694 1363 1794 patrimonium
1418 1691 1816 1781 Ecclesiae3
1877 1715 2292 1788 cassamque
2349 1715 2636 1786 prorsus
2693 1706 2768 1768 et
2825 1699 3000 1770 nul-

858 1817 997 1893 lam
1076 1816 1511 1910 declaramus
1594 1815 1986 1910 quamlibet
2067 1808 2561 1914 praedatorum
2645 1816 3000 1892 bonorum

858 1937 1390 2034 acquisitionem
1426 1957 1866 2030 quocumque
1905 1933 2102 2036 titulo
2141 1939 2398 2010 factam
2419 1983 2444 2018 ‚
2481 1957 2786 2030 quorum
2823 1939 3000 2010 alie-

858 2057 1127 2154 nationi
1179 2052 1589 2153 Apostolica
1650 2057 1820 2130 haec
1878 2051 2095 2130 Sedes
2149 2077 2536 2154 numquam
2607 2059 2996 2134 reclamare

856 2178 1195 2272 cessabit.
1251 2173 1607 2253 Auctores
1693 2187 1930 2271 autem
2003 2189 2076 2250 et
2154 2176 2465 2269 {autores
2547 2178 2762 2254 buius
2817 2181 2998 2274 legis

858 2286 1327 2374 meminerint
1376 2286 1856 2396 censurarum·
1891 2319 2421 2397 poenarumque
2463 2296 2938 2400 Qspiritualium
2963 2349 2992 2388 ,

856 2437 1031 2513 quas
1086 2417 1242 2508 ipso·
1292 2420 1481 2491 facto
1528 2419 1987 2516 incarn-endas
2025 2413 2473 2512 Apostolicae
2527 2411 2997 2492 Constitutio-

856 2559 977 2612 nes
1034 2539 1297 2616 iurium
1350 2535 1721 2614 Ecclesiae
1774 2541 2230 2615 invasoribus
2279 2537 2648 2630 infligunt3
2693 2549 2768 2608 et
2833 2540 2996 2612 ani-

856 2677 1015 2731 mae
1070 2680 1263 2747 anae,
1303 2660 1601 2736 vinculis
1637 2661 1830 2733 hisce
1865 2659 2378 2755 spiritualibus
2432 2660 2808 2755 obligatae,
2867 2662 2996 2733 mi-

854 2778 1025 2851 serti
1078 2780 1410 2877 desinant
1466 2779 1942 2853 thesaurizare
1987 2779 2140 2851 sibi·
2166 2782 2348 2854 iram
2400 2780 2472 2853 in
2529 2780 2642 2852 die
2698 2780 2852 2855 ime
2913 2792 2994 2855 et

854 2899 1307 2984 revelationis
1360 2900 1529 2972 iusti
1589 2900 1848 2997 iudicii·
1892 2896 2050 2973 Dei.

1066 3015 1327 3095 Verum
1380 3022 1794 3105 acerrimuS,
1837 3041 1979 3115 quo
2017 3021 2578 3115 perstringimur,
2637 3023 2843 3112 dolor
2897 3024 2986 3097 ob

853 3138 1027 3213 istas
1090 3143 1409 3235 aliasque
1481 3144 1750 3236 passim
1823 3144 2056 3217 illatas
2125 3138 2500 3236 Ecclesiae
2555 3142 2856 3219 iniurias
2913 3146 2986 3217 in

853 3258 1101 3350 ltalia,
1156 3284 1301 3335 non
1355 3264 1613 3337 leviter
1675 3264 2138 3359 exacerbatur
2191 3274 2562 3357 praeterea
2626 3286 2670 3335 a
2721 3266 2986 3353 saevis,

851 3383 1108 3477 quibus
1163 3384 1411 3457 eadem
1478 3382 1786 3459 obnoxia
1839 3395 1949 3457 est
2002 3384 2222 3472 alibi,
2279 3384 2984 3478 persequutionibus;

852 3504 1146 3575 maxime
1204 3524 1371 3576 vero
1429 3504 1499 3575 in
1532 3525 1750 3580 novo
1805 3499 2226 3578 Germanico
2283 3500 2618 3598 Imperio,
2657 3503 2782 3577 ubi
2841 3523 2982 3576 non

854 3626 1149 3697 occultis
1208 3633 1479 3698 tantum
1522 3624 2186 3725 machinationibus,
2225 3625 2356 3697 sed
2391 3636 2636 3719 aperta
2699 3644 2982 3719 quoque

851 3744 924 3817 vi
981 3744 1083 3837 illi¹
1136 3743 1445 3843 funditus
1498 3744 2022 3830 subvertendae
2077 3746 2558 3821 adlaboratur.
2618 3741 2986 3841 Siquidem

850 3863 1014 3951 viri,
1052 3868 1176 3974 qui
1230 3888 1375 3939 non
1428 3868 1638 3939 modo
1677 3890 1816 3941 non
1857 3867 2276 3961 profitentur
2313 3866 2824 3943 sanctissimam
2869 3889 2986 3941 re-

849 3983 1184 4077 ligionem
1228 3998 1563 4069 nostram,
1598 3989 1722 4061 sed
1781 4008 1914 4061 nec
1967 3989 2198 4091 ipsam
2234 3998 2526 4076 norunt,
2557 3996 2982 4081 potestatem

848 4105 985 4177 sibi
1022 4107 1387 4182 vindicant
1414 4108 1892 4203 praefiniendi,
1913 4110 2240 4200 dogmata
2285 4120 2358 4183 et
2395 4111 2557 4185 iura
2591 4108 2978 4181 catholicae

848 4220 1248 4301 Ecclesiae.
1304 4224 1399 4299 Et
1451 4230 1621 4305 dum
1675 4250 1834 4305 eam
1865 4231 2256 4321 praefracte
2311 4230 2683 4314 divexant,
2749 4229 2980 4323 impu-

847 4348 1101 4424 denter
1156 4370 1471 4424 asserere
1510 4372 1656 4425 non
1695 4351 2048 4437 dubitant,
2080 4354 2358 4427 nullum
2395 4352 2504 4425 illi
2541 4374 2586 4425 a
2621 4372 2700 4425 se
2739 4349 2977 4423 inferri

3267 3 3276 468 ἵ

3264 985 3276 1495 l
