3292 5275
836 439 979 520 74

866 573 1200 665 Conone,
1256 598 1397 654 non
1453 575 1892 665 Palmatoria,
1951 601 2093 655 non
2131 575 2556 672 Presbytero
2613 583 2990 656 assistente

868 709 1211 787 utantur3
1266 721 1517 774 manus
1575 700 1860 774 nonnisi
1917 701 2134 775 semel
2187 697 2850 792 post'Offertoi-inm
2907 701 2994 774 nd

866 815 1115 891 Altare
1170 819 1434 892 lavent.
1498 816 1814 914 Denique
1901 837 2032 896 nec
2093 821 2326 892 dicant
2389 816 2538 894 Pax
2598 843 2780 894 vonis
2834 824 2992 896 loco

864 933 1163 1013 Dominus
1216 961 1524 1012 voniscun
1562 939 1732 1014 dum
1771 941 2106 1032 populum
2145 942 2486 1024 salutant,
2523 963 2654 1014 nec
2711 943 2786 1013 in
2841 942 2990 1016 fine

866 1055 1117 1132 Missae
1173 1061 1433 1133 trinam
1488 1059 2054 1134 benedictionem
2110 1061 2628 1153 impertiantur.

1079 1176 1265 1252 XVI.
1328 1177 1571 1268 Quoad
1624 1191 2031 1255 ornamenta
2080 1176 2523 1256 Pontificalia
2579 1181 2768 1255 hisce
2824 1195 2992 1254 tan-

872 1314 1013 1376 tum
1048 1303 1157 1375 uti
1201 1313 1565 1394 poterunt,
1620 1303 1918 1374 scilicet:
1973 1297 2228 1394 caligis
2281 1311 2352 1372 et
2409 1299 2760 1374 Sandaliis
2813 1304 2994 1376 seri-

864 1425 979 1496 eis·
1022 1435 1151 1494 nec
1206 1445 1379 1496 auro
1415 1433 1548 1496 ne'c
1586 1431 1878 1511 argento
1933 1424 2223 1507 ornatis,
2281 1423 2526 1494 sericis
2586 1425 2753 1494 item
2808 1421 2986 1496 Chi-

860 1546 1166 1620 rothecis
1220 1545 1370 1616 sine
1426 1555 1637 1634 opere
1691 1544 1916 1634 stygio
1972 1561 2186 1616 aureo
2233 1546 2346 1614 vel
2401 1554 2760 1636 argenteo,
2807 1541 2978 1618 Dal-

860 1667 1138 1750 metica,
1178 1661 1565 1746 Tunicella‚
1601 1658 1880 1734 Annulo
1917 1683 2068 1734 cum
2125 1664 2335 1736 unica
2389 1685 2688 1754 gemma,
2745 1661 2974 1738 Cruee

861 1785 1191 1879 pectorali
1246 1786 1399 1856 sine
1453 1781 1616 1854 ullis
1671 1784 1962 1874 gemmis
1999 1804 2156 1855 cum
2203 1782 2488 1856 cordula
2547 1785 2770 1856 serica
2825 1785 2985 1856 vio-

860 1908 1037 1980 laeei
1094 1905 1339 1978 coloris
1372 1953 1395 1988 ‚
1454 1899 1662 1976 Min-a
1727 1901 2021 1996 simplici
2095 1923 2186 1974 ex
2243 1905 2382 1976 tela
2439 1905 2594 1978 alba
2646 1927 2812 1978 cum
2869 1925 2984 1978 se-

858 2029 1023 2100 ticis
1075 2026 1349 2100 laciniis
1402 2026 1597 2098 rubri
1655 2025 1936 2108 coloris,
1995 2045 2079 2096 ac
2136 2024 2388 2114 pileolo
2445 2023 2624 2116 nigri
2679 2025 2965 2111 coloris,

858 2157 1165 2220 attamen
1223 2144 1505 2219 nonnisi
1558 2145 1692 2216 sub
1747 2138 1954 2216 Mitte
2012 2144 2428 2219 adhibendo.

1070 2262 1285 2337 XVII.
1343 2261 1533 2340 Haec
1619 2267 1774 2357 ipsa
1857 2285 2026 2336 vero
2081 2259 2515 2337 Pontificalia
2571 2275 2984 2340 ornamenta

858 2406 1215 2463 assumere
1272 2385 1658 2479 nequibunt
1697 2383 1766 2456 in
1809 2381 2046 2456 Missis
2087 2406 2212 2475 pro
2251 2381 2645 2471 Defunctis,
2689 2387 2761 2456 in
2801 2381 2984 2459 Pro-

858 2507 1321 2590 cessionibus,
1378 2518 1450 2578 et
1506 2508 1581 2577 in
1642 2504 2204 2598 quibuscumque
2259 2507 2416 2578 aliis
2473 2505 2976 2583 ecclesiasticis

856 2623 913 2701 F
917 2628 1389 2715 unctionibus,
1444 2627 1581 2702 nisi
1640 2627 1822 2699 forte
1860 2621 2144 2699 Missam
2199 2626 2569 2702 solemnem
2625 2625 2982 2699 immedia-

858 2759 929 2821 te
984 2750 1413 2841 praecedant
1464 2750 1582 2821 vel
1638 2746 2188 2839 subsequantur,
2247 2760 2314 2819 at
2371 2768 2638 2839 semper
2693 2747 2982 2837 deposi-

858 2871 950 2941 tis
1006 2869 1079 2941 in
1130 2869 1473 2944 eiusmodi
1528 2866 2006 2942 functionibus
2046 2888 2084 2941 a
2124 2862 2336 2941 Missa
2392 2866 2766 2951 distinctis,
2805 2862 2980 2940 Chi-

856 2991 1163 3063 rothecis
1217 3010 1375 3061 eum
1428 2984 1828 3061 Dalmatica
1883 3000 1955 3061 et
2012 2984 2403 3061 Tunicella.

1067 3104 1315 3181 XVlll.
1372 3103 1453 3179 ln
1491 3104 1722 3183 Missis
1759 3106 2054 3201 privatis
2090 3108 2318 3200 quoad
2360 3106 2790 3193 indumenta,
2821 3128 2980 3181 cae-

856 3231 1235 3313 remonias,
1292 3230 1682 3313 ministroS‚
1741 3225 2000 3301 Altaris
2057 3224 2414 3301 ornatum'
2441 3248 2804 3299 cereorum
2857 3230 2976 3299 lu-

856 3352 1167 3425 centium
1224 3368 1589 3425 numei-um
1665 3371 1706 3420 a
1789 3347 2080 3440 simplici
2137 3344 2516 3423 Sacerdote
2583 3370 2719 3421 non
2775 3346 2978 3421 diffe-

856 3482 1045 3556 rant,
1105 3470 1417 3563 adeoque
1472 3471 1738 3544 nullum
1795 3488 2078 3561 prorsus
2133 3490 2216 3541 ex
2269 3471 2700 3543 ornamentis
2734 3461 2978 3541 Ponti-

854 3592 1173 3666 ficalibus
1226 3613 1349 3685 pro
1403 3585 1619 3661 Missa
1675 3592 1969 3664 solemni
2029 3601 2300 3663 tantum
2367 3591 2500 3664 sibi
2557 3589 2972 3665 adhibeant,

854 3726 1065 3809 atque
1122 3713 1206 3785 eb
1261 3713 1580 3785 omnibus
1634 3722 1708 3783 et
1762 3712 2060 3801 singulis
2119 3711 2370 3784 ritibus
2425 3710 2498 3783 in
2549 3712 2706 3804 ipsa
2761 3706 2968 3785 Missa

854 3835 1150 3909 solemni
1190 3832 1335 3905 ‚sibi
1390 3831 1631 3903 vetitis
1689 3833 1970 3923 penitus
2028 3830 2450 3908 abstineant.

1061 3950 1254 4027 XIX.
1304 3948 1563 4026 Verum
1615 3972 1775 4024 cum
1829 3949 2304 4027 Protonotarii
2359 3948 2458 4023 ad
2510 3951 2744 4025 instar
2785 3950 2968 4027 Par-

848 4073 1301 4174 ticipantium
1354 4085 1711 4165 nequeant
1767 4071 1836 4143 in
1890 4068 2104 4158 Urbe,
2157 4074 2246 4146 ob
2299 4068 2568 4147 Summi
2607 4069 2966 4147 Pontifleis

848 4198 1343 4293 praesentiam,
1372 4189 1891 4269 Pontifiealium
1928 4195 2375 4289 privilegium
2411 4216 2772 4284 exercere,
2803 4196 2964 4272 binc

846 4320 987 4399 illis
1038 4314 1307 4393 Romae
1362 4300 1791 4413 permittitur
1827 4326 1920 4401 ut,
1956 4319 2142 4393 iuxta
2197 4315 2556 4412 vigentem
2609 4318 2709 4394 ibi
2763 4339 2962 4395 usum
