3292 5275
2235 472 2386 554 179

260 614 685 687 christianae
741 625 981 706 utpote
1036 616 1559 707 supernaturali
1615 614 1946 688 instituto
1995 635 2112 705 per
2149 615 2388 687 omnia·

260 736 669 819 adversans,
728 756 997 809 summo
1054 734 1301 809 studio.
1348 734 1635 809 molitur
1662 781 1683 819 ,
1738 745 1816 805 ut
1871 730 2154 809 Christo
2189 782 2210 817 ,
2267 737 2386 828 qui

262 857 459 929 solus
511 851 855 929 Dominus
908 866 981 928 et
1036 850 1369 929 Salvator
1424 868 1667 929 noster
1722 866 1832 928 est
1855 905 1878 941 ,
1935 875 1977 927 a
2031 856 2387 929 mentibus

262 976 617 1063 humanis,
670 998 709 1049 a
747 978 901 1050 vita
941 988 1012 1049 et
1046 976 1361 1049 moribus
1418 978 1842 1070 populorum
1897 977 2212 1060 excluso,
2243 998 2394 1048 me-

262 1120 383 1169 rae
438 1096 623 1191 quod
680 1109 936 1170 vocant
988 1098 1285 1170 rationis
1326 1095 1435 1171 vel
1476 1110 1769 1200 naturae
1828 1116 2118 1190 regnum
2171 1095 2412 1167 stabi-'

260 1218 502 1289 liatur.
534 1213 805 1291 Relicta
842 1229 1081 1291 autem
1120 1219 1575 1311 proiectaque
1615 1216 1994 1308 christiana
2031 1216 2396 1311 religione,

266 1348 525 1431 negato
578 1357 747 1411 vero
800 1334 952 1412 Deo
1006 1351 1075 1409 et
1130 1334 1413 1412 Christo
1469 1340 1674 1422 eius,
1735 1338 2059 1433 prolapsa
2117 1341 2392 1413 tandem

264 1472 377 1531 est
406 1460 789 1533 multorum
814 1480 1007 1532 mens
1040 1459 1105 1531 in
1147 1461 1599 1553 pantheismi,
1630 1461 2140 1546 materialismi,
2171 1463 2398 1534 athei-

264 1578 401 1652 smi
458 1580 862 1652 barathrum
896 1629 918 1664 ,
974 1590 1057 1653 ut
1113 1580 1254 1653 iam
1312 1582 1535 1675 ipsam
1592 1580 1994 1655 rationalem
2049 1596 2397 1669 naturam,

266 1720 683 1793 omnemque
742 1700 914 1773 iusti
956 1702 1267 1795 rectique
1302 1722 1619 1773 normam
1677 1712 2033 1795 negantes,
2076 1702 2216 1775 ima
2265 1704 2400 1775 hu-

266 1842 523 1895 manae
578 1820 953 1925 societatis·
992 1822 1451 1917 fundamenta
1504 1823 1787 1895 diruere
1827 1824 2290 1895 connituntur.

486 1937 637 2013 Hac
693 1964 901 2035 porro
958 1943 1327 2034 impietate
1395 1945 1932 2037 circumquaque
1991 1954 2398 2033 grassante,

268 2061 654 2135 infeliciter
709 2062 1026 2157 contigit,
1084 2074 1163 2134 ut
1218 2063 1455 2155 plures
1512 2064 1726 2137 etia'm
1767 2085 1806 2137 e
1847 2062 2230 2137 catholicae
2267 2060 2423 2135 Ec·-

270 2183 527 2255 clesiae
584 2182 747 2255 filiis
804 2206 846 2255 a
903 2184 1019 2255 via
1075 2204 1287 2257 verae
1345 2183 1627 2276 pietatis
1681 2184 2119 2270 aberrarent,
2159 2184 2229 2256 in
2287 2186 2406 2257 iis-

270 2324 443 2397 que,
499 2304 871 2379 diminutis
928 2303 1286 2397 paullatim
1342 2302 1805 2388 veritatibus,
1863 2326 2108 2383 sensus
2159 2304 2405 2378 catho-

268 2423 453 2496 licus
510 2434 1015 2497 attenuaretur.
1077 2418 1310 2496 Variis
1364 2424 1547 2497 enim
1588 2446 1670 2497 ac
1701 2426 2086 2522 peregrinis
2141 2425 2408 2499 doctri-

270 2546 383 2616 nis
440 2545 755 2629 abducti,
794 2556 1123 2617 naturam
1163 2558 1232 2646 et
1270 2544 1579 2640 gratiam,
1636 2544 1992 2620 scientiam
2031 2546 2406 2619 humanam

270 2679 343 2740 et
402 2665 609 2738 iidem
664 2666 971 2738 divinam
1002 2687 1370 2758 perperam
1428 2667 1986 2766 commiscente&
2023 2668 2406 2761 genuinum

272 2808 563 2861 sensum
601 2787 1031 2878 dogmatum,
1073 2809 1285 2880 quem
1318 2799 1513 2860 tenet
1547 2810 1628 2860 ac
1666 2787 1866 2860 docet
1893 2784 2144 2860 Sancta
2183 2783 2408 2860 Mater

270 2904 623 2987 Ecclesia,
681 2909 1106 3000 depravare,
1162 2907 1780 3001 integritatemque
1819 2921 1892 2981 et
1931 2909 2410 2982 sinceritatem

270 3027 437 3101 fidei
495 3027 565 3098 in
622 3029 1010 3120 periculum
1068 3021 1417 3102 adducere
1475 3029 2030 3121 comperiuntur.
2193 3093 2198 3098 .

490 3143 761 3238 Quibus
816 3148 1141 3223 omnibus
1197 3149 1577 3244 perspectis
1636 3148 1785 3221 fieri
1841 3150 1962 3243 qui
2017 3163 2293 3244 potest,
2334 3165 2413 3224 ut

272 3291 416 3344 non
456 3279 1033 3345 commoveantur
1074 3269 1318 3344 intima
1356 3267 1717 3344 Ecclesiae
1760 3270 2034 3344 viscera
2064 3265 2104 3342 ἰ’
2159 3267 2414 3360 Quem-

272 3391 653 3468 admodum
690 3390 871 3464 enim
902 3387 1090 3464 Deus
1114 3391 1291 3494 ‘vult
1322 3413 1569 3466 omnes
1629 3391 1948 3464 homines
1973 3396 2204 3466 salvos
2233 3394 2414 3482 fieri,

270 3527 347 3586 et
402 3513 487 3584 ad
556 3511 981 3603 agnitionem
1059 3513 1377 3588 veritatis
1441 3513 1692 3590 venire
1717 3535 1744 3600 3
1829 3513 2418 3606 quemadmodum

270 3631 601 3710 Christus
637 3635 861 3718 venit,
914 3646 994 3708 ut
1049 3636 1323 3708 salvum
1377 3636 1668 3718 faceret,
1725 3633 1909 3727 quod
1960 3635 2305 3727 perierat,
2344 3649 2418 3710 et

274 3753 459 3828 filios
525 3749 691 3838 Dei,
748 3755 869 3847 qui
926 3766 1134 3828 erant
1170 3755 1497 3847 dispersi,
1552 3767 2012 3846 congregaret
2053 3758 2126 3826 in
2167 3778 2417 3831 unumz

274 3877 375 3948 ita
436 3869 798 3960 Ecclesia,
864 3896 905 3946 a
961 3870 1110 3947 Deo
1176 3875 1597 3968 populorum
1675 3887 1899 3948 mater
1954 3885 2026 3947 et
2089 3855 2420 3967 magistra

272 3994 687 4080 constituta,
750 3994 1076 4070 omnibus
1132 3977 1553 4068 debitricem
1612 4017 1690 4068 se
1750 3997 1992 4078 novit,
2049 4016 2134 4068 ac
2189 3999 2420 4091 lapsos

274 4117 578 4211 erigere,
610 4115 927 4189 labantes
958 4116 1334 4200 sustinere,
1368 4129 1809 4190 revertentes
1851 4116 2208 4208 amplecti,
2253 4139 2420 4192 con·

276 4238 557 4311 firmare
613 4236 831 4310 bonos
888 4249 962 4309 et
1018 4236 1100 4308 ad
1154 4237 1445 4308 meliora
1504 4238 1897 4330 provehere
1941 4249 2190 4330 parata
2240 4259 2424 4312 sem.

274 4381 401 4459 per
455 4369 533 4435 et
588 4355 849 4433 intenta
904 4371 1031 4433 est.
1090 4351 1534 4455 Quapropter
1594 4359 1792 4436 nullo
1845 4368 2160 4452 tempore
2202 4381 2242 4432 a
2275 4355 2418 4458 ‚Dei

1863 4482 1994 4568 12*
