3292 5275
856 471 966 571 28

1069 606 1284 685 Nobis
1321 622 1509 685 certe
1547 612 1759 685 verba
1793 613 2051 687 desunt
2078 614 2167 685 ad
2200 611 2541 686 eiusmodi
2578 612 2803 703 legem
2841 614 2967 684 de-

858 754 1002 807 nuo
1054 732 1572 825 improbandam
1629 754 1711 806 ac
1766 733 2290 807 detestandam.
2348 727 2663 825 Quisque
2716 730 2966 817 noscit,

855 848 998 927 Nos
1054 874 1179 947 pro
1240 849 1626 946 Apostolici
1690 848 1925 925 Nostri
1995 852 2369 927 ministerii
2434 848 2728 925 munere
2788 852 2971 926 haud

859 974 1176 1047 omisisse
1247 969 1502 1047 Nostro
1577 974 1806 1046 officio
1882 972 2386 1046 studiosissime
2452 972 2770 1066 perfungi
2803 1019 2825 1055 ‚
2900 984 2972 1045 et

858 1116 1100 1169 omnes
1156 1088 1610 1167 venerabiies
1647 1088 1939 1165 Fratres
1996 1113 2355 1165 sacrorum
2410 1090 2482 1164 in
2532 1088 2731 1164 ltalia
2769 1087 2977 1163 Anti-

859 1216 1063 1287 stites
1116 1236 1274 1287 cum
1327 1234 1596 1286 summa
1650 1234 1895 1287 eorum
1950 1214 2257 1287 nominis
2294 1213 2501 1287 laude
2554 1213 2974 1286 iustissimas

861 1356 1027 1410 suas
1080 1334 1330 1407 fecisse
1383 1334 1737 1427 querelas,
1804 1334 2339 1406 reclamationes
2364 1381 2387 1413 ‚
2440 1346 2515 1407 et
2566 1334 2976 1425 expostula-

859 1455 1087 1530 tiones
1119 1503 1140 1540 ,
1195 1467 1274 1527 ut
1327 1452 1727 1528 huiusmodi
1781 1451 1897 1525 lex
1950 1475 2307 1548 nunquam
2359 1455 2595 1527 locum
2648 1452 2966 1526 haberet.

860 1571 1098 1667 Atque
1136 1574 1405 1647 utinam
1440 1574 1572 1647 hac
1605 1574 1977 1647 occasione
2015 1574 2368 1649 abstinere
2396 1570 2537 1648 Nos
2578 1594 2972 1668 possemus,

861 1690 1309 1769 Venerabiles
1363 1689 1669 1780 Fratres,
1708 1716 1750 1767 a
1787 1694 2107 1787 lugendis
2162 1696 2591 1786 gravissimis
2646 1696 2847 1799 malis
2905 1706 2978 1767 et

863 1816 1141 1888 damnis
1175 1863 1198 1900 ‚
1256 1814 1514 1909 quihus
1571 1816 2017 1887 sanctissima
2072 1826 2308 1889 nostra
2360 1817 2609 1909 religio
2662 1838 2849 1890 nunc
2903 1818 2976 1888 in

863 1931 1235 2033 Austriaco
1287 1934 1502 2008 etiam
1559 1930 1861 2028 Imperio
1916 1947 1987 2008 et
2024 1932 2424 2029 Hungariae
2478 1931 2719 2030 Regno
2774 1939 2981 2012 mise-

863 2054 1164 2137 tandum
1213 2054 1292 2133 in
1347 2054 1636 2137 modum
1690 2055 2028 2147 affligitur
2080 2073 2165 2131 ac
2218 2056 2617 2133 divexatur.
2668 2054 2979 2135 Notitiae

865 2186 1120 2263 antem,
1156 2196 1339 2270 quae
1395 2176 1483 2251 de
1537 2171 1901 2252 Ecclesiae
1957 2176 2165 2249 rebus
2188 2199 2283 2253 ex
2313 2174 2810 2271 Hispaniarum
2834 2176 2983 2255 Re·

867 2316 1004 2390 gno
1036 2296 1126 2371 ad
1161 2292 1304 2372 Nos
1337 2296 1786 2392 perveniunt,
1826 2319 1971 2371 non
2010 2318 2196 2385 eam,
2237 2299 2457 2375 veluti
2494 2302 2977 2393 sperabamus,

869 2419 1428 2501 consolationem
1457 2464 1480 2503 ‚
1545 2420 1717 2513 quin
1773 2420 1977 2496 immo
2042 2420 2405 2495 tristitiam
2456 2432 2527 2495 et
2584 2439 2983 2497 moerorem

867 2534 1084 2619 Nobis
1140 2538 1466 2617 afferunt.

1077 2655 1462 2742 Russicum
1499 2682 1669 2740 vero
1698 2657 2141 2738 Gubernium
2170 2662 2395 2756 pergit
2422 2665 2835 2739 catlmlicam
2872 2667 2985 2738 in-

874 2782 1122 2862 sectari
1177 2777 1566 2858 Ecclesiam
1591 2831 1614 2868 ,
1680 2794 1753 2857 et
1804 2783 1895 2856 ab
1944 2781 2269 2858 omibus
2326 2785 2473 2858 iere
2522 2777 2985 2860 Dioeccsibus

873 2922 1068 2987 auos,
1123 2903 1198 2977 vi
1250 2902 1468 2980 etiam
1521 2902 1867 2987 adhibita,
1918 2901 2175 2977 eiicere
2230 2901 2613 2998 Episcopos
2642 2955 2663 2990 ‚
2720 2925 2987 3000 eosque

873 3023 950 3097 in
987 3024 1292 3100 exilium
1343 3024 1630 3116 pellere.
1691 3026 2253 3119 proptereaqucd
2280 3021 2553 3098 Christi
2590 3027 2709 3101 hic
2746 3027 2991 3100 in‘ter·

875 3140 972 3214 ris
1024 3139 1282 3220 vicarii
1339 3165 1588 3220 vocem
1622 3167 1707 3220 ac
1742 3145 2094 3231 mandata,
2151 3157 2361 3239 prout
2412 3146 2701 3232 dehent,
2743 3146 2987 3222 andire

875 3274 950 3340 ct
987 3267 1248 3357 exequi
1305 3267 1579 3350 volunt.
1618 3287 1749 3340 nec
1796 3266 1995 3349 sinit,
2038 3267 2319 3340 eosdem
2352 3263 2743 3362 Episcopos
2782 3269 2869 3342 ab
2902 3269 2991 3340 il-

875 3387 1018 3462 lius
1053 3383 1626 3482 Imperiifinibus
1665 3387 1935 3479 egredi,
1963 3386 2245 3460 etiamsi
2284 3387 2585 3461 maxima
2622 3385 2991 3464 Ecclesiae

876 3508 1144 3587 utilitas
1199 3511 1270 3584 id
1315 3509 1601 3584 omnino
1653 3512 1987 3604 postulet.
2048 3507 2151 3584 Asc
2206 3509 2425 3601 magis
2478 3512 2559 3582 in
2594 3511 2745 3584 dies
2800 3512 2993 3586 omni

879 3631 1084 3706 modo
1139 3632 1436 3725 impedit
1466 3679 1487 3714 ,
1539 3632 1927 3725 quominus
1984 3631 2085 3704 illi
2139 3631 2381 3704 fideles
2434 3652 2597 3706 cum
2644 3627 2865 3705 Nobis
2920 3645 2995 3704 et

880 3753 1016 3826 hac
1067 3749 1472 3846 Apostolica
1523 3747 1709 3829 Sede
1761 3753 1981 3826 libere
2042 3753 2563 3826 communicare
2598 3764 2881 3846 qoeaut.

1093 3869 1236 3948 Sed
1285 3875 1476 3948 iuter
1525 3871 2001 3966 gravissimas,
2059 3873 2313 3968 quibus
2368 3893 2738 3958 vexamur,
2776 3893 2999 3965 angu-

883 3995 1084 4079 stias,
1137 4015 1283 4089 non
1335 3993 1673 4068 mediocri
1704 4007 1905 4067 certe
1958 3993 2213 4068 solatio
2264 3989 2482 4068 Nobis
2526 4005 2649 4066 est·
2678 4003 3001 4085 pastora-

883 4115 974 4190 lis
1019 4117 1254 4199 zelus.
1293 4135 1737 4208 summopere
1792 4115 2213 4200 laudandus,
2252 4137 2390 4210 quo
2443 4111 2821 4190 Sacrorum
2848 4109 3000 4186 An*

885 4235 1140 4312 tistitus
1175 4255 1324 4312 rem
1358 4235 1767 4326 catholicam
1802 4236 2104 4310 viriliter
2156 4247 2515 4320 tutantur,
2570 4247 2645 4308 et
2694 4234 3003 4309 sanctis-

891 4357 1104 4433 simae
1133 4355 1290 4431 fidei
1311 4367 1596 4434 nostrae
1650 4356 1993 4452 principia
2022 4359 2295 4451 inum-a
2316 4375 2603 4434 servare
2639 4368 2714 4433 et
2750 4352 3003 4432 Emin-
