3292 5275
853 472 1017 563 300

850 615 1177 688 haereses
1228 628 1301 687 ot
1358 616 1732 699 schismata
1793 616 2184 708 profligare,
2227 618 2335 691 vel
2393 638 2664 700 cavere,
2707 639 2794 689 ne
2837 620 2978 691 iam

852 734 1217 827 profligata
1252 746 1325 808 et
1361 756 1762 829 compressa
1804 736 1877 806 in
1917 736 2152 829 aliqua
2187 746 2386 828 parte
2438 734 2972 821 revirescerent,

850 877 935 929 ac
990 856 1267 927 demum
1322 856 1392 927 in
1447 856 1848 953 dogmaticis
1913 855 2052 927 sive
2133 858 2493 928 canonicis
2547 878 2630 928 ac
2689 878 2978 951 prorsus

850 975 926 1047 in
981 976 1307 1050 omnibus
1364 976 1849 1048 ecclesiasticis
1906 978 2202 1069 negotiis
2259 972 2556 1049 Romani
2612 973 2978 1051 Pontificis

846 1097 1239 1188 exprimere
1296 1117 1375 1167 ac
1431 1116 1670 1187 gerere
1726 1116 2122 1189 personam.

1060 1211 1243 1288 Hinc
1299 1213 1924 1291 Praedeccssorum
2002 1212 2413 1290 Nostrorum
2481 1219 2803 1308 vestigiis
2857 1220 2978 1288 in-

850 1336 1203 1425 sistenteS,
1256 1338 1633 1431 divinoque
1691 1337 1939 1411 auxilio
1993 1336 2260 1421 confisi,
2305 1360 2678 1431 numquam
2735 1339 2979 1411 omisi-

849 1477 1003 1529 mus
1032 1459 1411 1532 catholicae
1441 1454 1637 1532 Fidei
1677 1472 1750 1531 et
1777 1459 2292 1531 ecclesiasticae
2328 1456 2761 1549 disciplinae,
2791 1480 2976 1551 quae

848 1577 1033 1650 illius
1092 1580 1559 1652 retinaculum
1612 1592 1748 1663 est,
1808 1580 2049 1652 sedulo
2103 1579 2518 1669 advigilare,
2563 1580 2976 1672 praesertim

846 1695 917 1767 in
974 1692 1315 1771 Ecclesiis
1373 1701 1549 1774 ritus
1602 1694 2016 1782 OrientaliS,
2075 1720 2369 1795 quarum
2425 1721 2506 1771 eo
2565 1700 2788 1771 maior
2835 1698 2980 1771 sol-

846 1814 1138 1892 licitudo
1176 1816 1388 1893 Nobis
1426 1819 1791 1904 incumbit,
1830 1843 1972 1916 quo
2027 1818 2370 1892 difficilior
2407 1832 2478 1891 et
2517 1820 2978 1912 periculosior

848 1958 1090 2011 earum
1144 1942 1458 2013 conditio
1512 1954 1641 2013 est.
1703 1936 1990 2025 Verum,
2054 1939 2337 2011 inimico
2391 1940 2674 2011 bomine
2728 1962 2979 2032 super-

850 2060 1239 2131 seminante
1278 2061 1575 2140 zizania‚
1615 2064 1888 2135 fructus
1922 2063 2170 2143 labori,
2204 2082 2314 2133 res
2353 2062 2816 2153 expectationi
2857 2084 2982 2155 po-

850 2180 1122 2251 stremis
1178 2182 1619 2273 potissimum
1677 2183 1867 2254 hisce
1938 2180 2368 2275 temporibus
2423 2179 2489 2249 in
2557 2180 2692 2252 illis
2749 2183 2982 2272 regio-

850 2298 1055 2372 nibus
1120 2301 1469 2373 cumulate
1552 2322 1694 2381 non
1776 2302 2162 2395 respondit.
2241 2296 2522 2383 Etenim
2595 2302 2978 2374 excitatum

848 2420 1033 2511 apud
1068 2415 1441 2495 Armenios
1476 2418 1872 2495 Catholicos
1911 2417 2732 2513 Constantinopolitanae
2774 2416 2982 2493 Urbis

850 2562 1065 2631 grave
1122 2540 1511 2626 dissidium,
1556 2544 1623 2613 in
1683 2542 2125 2615 manifestum
2168 2542 2468 2613 schisma
2507 2542 2786 2613 demum
2823 2564 2986 2616 eru·

850 2663 982 2755 pit,
1038 2672 1112 2736 et
1174 2665 1399 2748 multa
1456 2665 1972 2748 ecclesiasticae
2041 2665 2140 2749 rei
2211 2662 2520 2750 confusio
2575 2675 2648 2750 et
2703 2677 2984 2756 pertur-

849 2782 1037 2855 batio
1092 2795 1527 2879 consequuta
1581 2800 1715 2858 est.
2987 2877 2996 2886 ι

1062 2899 1203 2978 Nos
1257 2909 1537 3000 quidem
1594 2909 1811 2978 tantis
1869 2907 2068 2978 malis
2125 2906 2676 3000 praevertendis,
2713 2910 2826 2978 vel
2865 2909 2984 2980 de-

853 3026 1197 3117 pellendis
1254 3050 1463 3101 curas
1521 3049 1760 3100 omnes
1817 3025 2285 3109 adhibuimuS,
2326 3026 2474 3098 sive
2531 3048 2654 3118 per
2693 3023 2981 3115 Nostras

854 3142 1295 3240 Apostolicas
1348 3143 1685 3238 LitteraS,
1770 3148 1919 3222 sive
1979 3169 2104 3240 per
2162 3141 2334 3219 ch.
2403 3141 2519 3216 Fr.
2591 3143 2982 3235 Antoni-um

848 3263 1223 3362 Iosephum
1265 3267 1599 3362 Arcbiep,
1662 3265 2122 3361 Thyanaeum
2177 3263 2512 3348 Nostrum
2569 3263 2981 3360 Delegatum

766 3453 771 3458 .
850 3385 1463 3484 Constantinopoli
1520 3388 1974 3472 residentem,
2035 3390 2158 3482 qui
2215 3409 2344 3482 pro
2401 3410 2528 3461 sua
2585 3389 2850 3481 pietate
2907 3403 2982 3465 ct

846 3511 1227 3606 prudentia
1282 3509 1585 3592 officium
1642 3533 1725 3589 ac
1779 3530 2036 3596 munus
2087 3530 2296 3598 suum
2355 3509 2625 3585 naviter
2683 3531 2765 3583 ac
2815 3509 2986 3584 dili-.-

846 3643 1099 3722 uenter
1149 3643 1557 3726 exequutus
1619 3642 1861 3726 estet
1911 3629 2320 3734 exequitur.
2397 3625 2540 3713 Sed
2602 3633 2984 3723 qimminps

849 3747 1153 3836 Nostrae
1212 3752 1371 3838 illae
1426 3775 1641 3836 curae
1671 3775 1754 3826 ac
1791 3751 2308 3836 sollicitudines
2347 3749 2620 3826 felicem
2649 3751 2720 3821 in
2761 3752 2986 3838 omni..

851 3875 987 3960 hus
1022 3874 1281 3960 exitum
1321 3875 1692 3964 haberent.
1725 3875 2003 3959 obsti-tit
2041 3873 2344 3954 aliorum
2385 3869 2784 3957 infirmitas,
2815 3872 2988 3949 alio·-

851 4015 1015 4080 rum
1066 4006 1301 4080 autern
1350 3993 1724 4078 obfirmata
1772 3993 2074 4078 malina-
2135 3989 2286 4076 Iam
2346 4013 2503 4074 vcro
2542 4013 2629 4076 ae
2671 3993 2986 4078 intenta,-

848 4127 1011 4201 ω
1054 4115 1447 4208 quidquam
1484 4113 1982 4207 relinquamus,
2019 4111 2196 4201 illud
2223 4112 2444 4198 stiam
2491 4113 2987 4199 extraordinaae

862 4236 1047 4318 rium
1079 4235 1467 4318 remedium
1506 4234 1974 4324 adhibendum
2011 4232 2436 4320 censuimus,
2463 4232 2656 4324 quad
2687 4254 2986 4329 magnus

862 4357 981 4438 illc
1035 4353 1509 4441 Caesariensis
1566 4350 1960 4450 Episenpus
2017 4349 2090 4424 S·
2150 4349 2482 4440 Basilius,
2521 4348 2985 4442 Orientalium
