3292 5275
880 494 1031 577 160

872 658 914 707 a
936 630 1152 707 Nobis
1180 637 1530 728 postulata
1571 640 1739 708 sunt
1777 634 2060 727 plenum
2097 650 2308 707 suum
2341 632 2808 727 quantocitius
2843 654 2992 707 sor-

874 754 1139 827 tiantur
1193 752 1539 827 effectum.

1082 870 1263 946 Sane
1294 896 1438 947 non
1476 876 1629 947 sine
1671 874 1939 965 ingenti
1981 872 2189 945 animi
2221 868 2454 947 Nostri
2485 872 2845 966 voluptate
2875 868 2994 945 Di-

869 996 1036 1067 lecti
1067 988 1223 1065 Filii
1250 987 1510 1088 Inclyti
1544 987 2102 1089 Aequatorianae
2141 987 2596 1087 Reipublicae
2634 982 2992 1066 Praesidis

871 1134 1117 1208 preces
1156 1116 1589 1208 excepimuS,
1629 1114 1886 1209 quibus
1925 1138 1968 1188 a
2005 1108 2218 1188 Nobis
2258 1124 2331 1185 et
2370 1106 2775 1207 Apostolica
2810 1110 2994 1187 San-

872 1248 987 1307 cta
1042 1234 1169 1306 bac
1225 1232 1405 1308 Sede
1461 1236 1886 1330 postulabat,
1928 1249 2010 1310 ut
2049 1234 2400 1329 spirituali
2457 1234 2724 1306 illarum
2764 1235 2994 1325 regio-

872 1376 1043 1429 num
1098 1354 1479 1428 incolarum
1533 1355 1719 1429 bono
1756 1367 1830 1429 et
1867 1356 2162 1429 utilitati
2217 1376 2344 1449 per
2382 1375 2636 1427 novam
2693 1356 2988 1429 alterius

873 1470 1316 1569 Episcopalis
1371 1472 1728 1549 Ecclesiae
1765 1475 2186 1550 erectionem
2245 1474 2618 1549 salubriter
2655 1478 2991 1549 consule-

874 1616 1135 1670 remus,
1178 1590 1533 1690 Siquidem
1586 1618 1670 1668 ea
1725 1598 1800 1668 in
1855 1596 2117 1670 ditione
2179 1592 2541 1685 Quitensis
2596 1607 2670 1667 et
2705 1590 2992 1689 Guaya-

872 1717 1214 1811 quilensis
1252 1710 1627 1791 Dioeccses
1663 1720 1868 1791 nimis
1915 1720 2082 1791 latis
2122 1717 2500 1811 amplisque
2546 1716 2992 1791 continentur

873 1835 1287 1920 confinibuS‚
1345 1838 1531 1911 unde
1587 1837 1667 1910 fit
1732 1848 1811 1912 ut
1870 1840 2144 1911 illorum
2193 1834 2612 1909 Antistitum
2647 1858 2816 1910 cura
2851 1860 2994 1911 ma-

874 1957 1230 2049 ximopere
1288 1970 1649 2047 gravetur,
1688 1971 1762 2031 et
1799 1956 2081 2031 nonnisi
2134 1956 2438 2031 maxima
2473 1978 2632 2031 cum
2691 1956 2994 2032 difficul-

873 2089 1017 2150 tate
1080 2072 1460 2150 Pastoralis
1524 2074 1753 2152 Officii
1820 2099 2072 2152 munus
2137 2078 2519 2171 adimplere
2583 2090 2795 2173 atque
2849 2074 2994 2153 Ec-

872 2194 1327 2269 clesiasticam
1380 2199 1485 2271 eis
1539 2201 1978 2272 commissam
2029 2199 2702 2271 administrationem
2759 2212 2833 2272 et
2870 2222 2990 2274 rc-

872 2316 1123 2409 gimcn‚
1166 2318 1374 2392 sicuti
1434 2341 1558 2413 par
1612 2332 1746 2404 est,
1807 2320 2081 2414 possint
2133 2320 2205 2390 in
2248 2314 2542 2391 Domino
2579 2340 2870 2394 navare.

1084 2432 1225 2511 Nos
1278 2438 1489 2531 igitur
1541 2438 1662 2534 qui
1719 2440 2085 2512 universae
2155 2436 2564 2513 Catholicae
2630 2436 2991 2517 Ecclesiae

872 2577 1084 2653 quam
1124 2580 1211 2629 ex
1264 2559 1565 2652 benigna
1623 2555 1752 2632 Dei
1810 2558 2262 2654 dispositione
2302 2560 2465 2633 licet
2505 2560 2832 2635 immeriti
2878 2584 2994 2658 gu-

874 2677 1245 2752 bernamus
1272 2680 1607 2773 spirituali
1636 2682 1821 2754 bono
1850 2681 2048 2753 enixe
2081 2703 2352 2775 semper
2381 2682 2815 2755 intendimus
2845 2687 2993 2756 sin-

872 2801 1107 2893 gulare
1160 2801 1425 2873 laudati
1456 2797 1674 2875 Ducis
1712 2822 1840 2894 pro
1865 2797 2308 2874 Christianae
2351 2800 2774 2896 reipublicae
2801 2803 2989 2877 bono

834 2918 1183 2994 *studium
1236 2920 1694 3013 maximopere
1749 2921 2315 2994 commendantes
2361 2942 2614 3014 pronas
2663 2924 2824 2998 eius
2863 2939 2990 2997 vo-

873 3039 967 3110 tis
1022 3060 1229 3112 aures
1282 3042 1806 3114 accommodare
1861 3063 1996 3114 non
2053 3041 2470 3114 destitimus.

1084 3153 1583 3236 Reservatione
1622 3162 1860 3256 itaque
1899 3163 1975 3234 in
2029 3158 2319 3236 Litteris
2377 3159 2650 3236 Nostris
2685 3149 2994 3258 Aposto-

872 3279 1029 3352 licis
1055 3281 1445 3352 erectionis
1456 3274 1820 3368 Quitensis
1847 3293 1922 3356 et
1947 3277 2530 3376 Guayaquilensis
2552 3277 2992 3359 Dioecesium

873 3395 1091 3474 Nobis
1146 3411 1217 3474 et
1273 3399 1718 3494 Apostolicac
1773 3399 1940 3477 Sedi
2001 3423 2338 3497 expressa
2391 3414 2672 3477 utentes
2728 3425 2988 3480 novam

872 3523 1444 3616 quandocumque
1498 3545 1741 3598 earum
1795 3519 2236 3598 Dioecesium
2273 3525 2990 3621 circumscriptionem

872 3639 1163 3716 ineundi
1188 3689 1207 3724 .
1284 3657 1506 3737 quum
1584 3638 1802 3716 Nobis
1885 3645 2088 3736 plene
2145 3657 2418 3720 constet
2497 3641 2989 3722 venerabilem

876 3759 1193 3837 Fratrem
1248 3760 1586 3857 ignatium
1634 3761 1869 3838 Gheca
1925 3767 2342 3840 hodiernum
2393 3763 2806 3856 Quitensem
2844 3768 2990 3842 An-

877 3883 1431 3976 cbiepiscopum,
1474 3905 1514 3956 e
1552 3885 1756 3957 cuius
1811 3879 2169 3959 Dioecesis
2218 3885 2834 3961 dismembrationc
2888 3892 2992 3963 al·

882 4003 1100 4076 terius
1156 4001 1321 4074 novi
1358 3999 1834 4096 Episcopatus
1887 4017 1961 4078 et
2017 4001 2380 4080 Dioecesis
2433 4009 2698 4080 erectio
2751 4019 2860 4080 est
2917 4009 2992 4082 in

880 4132 1079 4215 parte
1132 4124 1507 4198 statuenda
1554 4125 1743 4197 ultro
1797 4124 2220 4220 libenterque
2256 4143 2385 4222 pro
2439 4128 2574 4200 bac
2628 4149 2756 4202 sua
2793 4141 2990 4223 parte

880 4263 1235 4316 assensum
1272 4259 1479 4316 suum
1515 4243 1960 4337 praebuissc3
1995 4249 2358 4322 memorati
2405 4243 2658 4343 Ignatii
2698 4247 2996 4324 Arcbie-

883 4363 1145 4460 piscopi
1182 4377 1602 4458 consensum
1632 4375 1866 4442 ratum
1901 4379 2400 4468 acceptumque
2429 4369 2776 4458 babentes,
2815 4375 2996 4450 c'on-
