3292 5275
288 645 403 703 tus
460 627 875 715 Orientalis,
918 630 1019 704 Te
1074 616 1599 724 praerato‘ven.
1643 624 1956 707 Antonio
2003 634 2295 730 losepbo
2329 641 2404 711 in

286 752 653 847 praedicto
709 752 1135 827 visitationis
1175 773 1387 846 opere
1424 756 1876 849 exsequendo
1923 756 2402 843 adsciscimus,

284 885 358 945 et
412 870 1001 947 Convisitatorem
1038 876 1566 959 constituimus,
1622 888 1705 949 ut
1759 878 2152 968 religiosam
2207 868 2410 951 faml-

282 994 481 1077 liam,
522 1004 595 1065 et
633 994 917 1069 domum
956 1018 1115 1069 eum
1153 996 1539 1069 continenti
1594 998 1888 1069 ecclesia
1929 984 2240 1091 praefati·
2263 992 2408 1070 Or-

284 1114 467 1186 dinis
492 1110 992 1189 Armeniorum
1028 1107 1559 1202 Monachorum,
1592 1135 1769 1210 quae
1807 1127 1918 1189 est
1955 1119 2031 1189 in
2059 1118 2190 1190 hae
2227 1120 2407 1191 alma

280 1228 473 1305 Urbe
529 1228 809 1318 Nostra,
866 1237 1281 1308 auctoritate
1356 1230 1762 1329 Apostolica
1819 1238 2072 1310 visites
2128 1240 2203 1309 in-
2257 1240 2408 1332 spi-

284 1348 654 1427 ritualibus
712 1367 782 1427 et
842 1358 1381 1448 temporalibus.
1440 1378 1666 1473 eaque
1719 1358 1806 1429 de
1863 1377 2075 1431 eausa
2114 1346 2406 1432 faculta-

284 1490 398 1549 tes
454 1495 689 1549 omnes
724 1478 1178 1553 necessarias
1233 1490 1301 1549 et
1336 1468 1772 1571 opportunas
1811 1476 1884 1553 vi
1927 1482 2406 1571 praesentium

284 1592 719 1669 Litterarum
774 1592 934 1668 Tibi
990 1597 1441 1671 concedimus
1493 1610 1566 1670 et
1604 1598 2072 1690 impertimus.
2115 1596 2406 1673 Praeci-

281 1719 522 1810 pimus
596 1730 853 1801 autem,
911 1730 993 1791 ut
1044 1720 1257 1792 sicuti
1321 1740 1445 1811 per
1524 1720 2033 1811 praecedentes
2097 1716 2404 1795 Litteras

284 1832 581 1910 Nostras
634 1840 931 1911 omnino
990 1840 1298 1913 cessavit
1334 1838 1421 1909 ab
1459 1836 1685 1911 officio
1723 1833 2009 1911 Abbatis
2041 1835 2410 1914 Generalis

284 1954 461 2031 Ven.
520 1954 770 2032 Frater
821 1954 1147 2034 Placidus
1174 2008 1196 2043 ,
1254 1960 1352 2032 ita
1406 1980 1499 2031 ex
1554 1977 1739 2030 nune
1823 1970 2102 2032 cessent
2175 1959 2405 2035 officia

280 2082 601 2153 omnium
637 2082 758 2173 qui
797 2078 869 2151 in
909 2080 1149 2152 eadem
1187 2080 1389 2153 domo
1426 2092 1613 2165 sunt,
1642 2100 2090 2173 quocumque
2128 2080 2406 2153 nomine

282 2198 405 2272 illa
460 2199 791 2273 veniant:
852 2200 1191 2309 nullaque
1250 2182 1511 2272 ibidem
1575 2200 1910 2315 canonica
1975 2201 2230 2273 existat
2281 2220 2410 2274 au·-

286 2320 580 2393 ctoritas
635 2322 785 2393 sive
844 2318 911 2391 in
976 2320 1465 2413 spiritualibus
1544 2318 1698 2394 sive
1753 2320 1824 2389 in
1878 2321 2406 2413 temporalibus,

282 2462 469 2536 quae
524 2462 565 2512 a
606 2434 710 2512 Te
764 2462 905 2513 non
962 2442 1317 2533 procedat.
1373 2436 1619 2513 Porro·
1651 2442 2002 2531 integrum
2057 2436 2216 2514 Tibi
2263 2436 2406 2516 erit

282 2558 601 2635 eiusdem
658 2556 920 2633 Domus
978 2560 1392 2653 gubernium
1431 2572 1502 2633 et
1555 2550 2234 2634 administrationem
2279 2584 2407 2656 per

284 2679 389 2754 Te
444 2683 671 2775 ipsum
724 2703 1083 2769 exercere,
1138 2686 1257 2756 vel
1312 2679 1732 2775 Regularem
1778 2678 2226 2776 Superiorem
2279 2684 2408 2756 ibi-

282 2803 447 2875 dem
502 2801 965 2902 constituere:
1005 2825 1209 2897 quem
1267 2803 1352 2876 iis
1409 2803 1894 2877 tantummodo
1925 2797 2404 2876 =faeultatibus

280 2933 357 2996 et
414 2944 560 2996 non
617 2923 773 2994 aliis
831 2925 1095 3016 pollere
1152 2925 1623 3010 decernimuS,
1679 2945 1851 3018 quas
1906 2919 2017 2998 Tu
2073 2922 2175 2997 illi
2231 2947 2405 2998 eon-

280 3045 637 3119 cedendas
692 3045 1229 3118 existimaveris.

498 3161 905 3238 Mandamus
960 3165 1257 3259 proinde
1312 3165 1389 3239 in
1432 3165 1698 3241 virtute
1756 3177 2044 3238 sanctae
2081 3165 2404 3238 obedien-

280 3288 422 3362 tiae
456 3285 806 3362 universis
835 3299 907 3359 et
936 3285 1229 3378 singulis
1259 3288 1430 3358 dicti
1460 3281 1748 3358 Ordinis
1779 3281 2141 3358 Monaehis
2171 3285 2406 3360 cuius-

282 3429 585 3502 cumque
644 3406 897 3499 gradus
953 3419 1025 3480 et
1064 3405 1451 3500 dignitatiS,
1507 3407 1785 3480 etiamsi
1833 3407 2246 3501 episcopalis
2287 3410 2402 3482 vel

282 3528 919 3622 archiepiscopalis,
958 3531 1079 3624 qui
1136 3531 1206 3600 in
1246 3528 1560 3621 praefata
1618 3523 1940 3619 religiosa
1993 3527 2203 3601 domo
2238 3551 2404 3603 ver-

282 3661 557 3734 santur,
598 3658 719 3722 aut
757 3661 993 3742 postea
1048 3649 1321 3722 versari
1378 3647 1766 3739 contingat,
1822 3645 2278 3742 omnibusque
2333 3662 2406 3722 et

282 3769 583 3861 singulis
637 3770 726 3842 ad
781 3791 954 3862 quos
1038 3780 1311 3864 spectat
1394 3791 1520 3842 seu
1596 3769 1976 3861 spectabit,
2035 3782 2116 3842 ιιι
2169 3765 2272 3842 Te
2326 3773 2401 3843 in

284 3889 769 3984 Apostolicum
853 3887 1452 3964 Convisitatorem
1517 3910 1645 3983 per
1726 3884 1867 3962 Nos
1951 3891 2255 3962 electum
2310 3913 2402 3964 ex

283 4011 759 4104 praesentium
815 4023 1061 4084 tenore
1138 4012 1484 4105 recipiant
1534 4021 1607 4081 et
1661 4009 2048 4096 admittant,
2107 4005 2399 4104 Tibique

284 4131 353 4204 in
408 4131 757 4216 omnibus,
815 4154 995 4225 quae
1052 4133 1139 4206 ad
1198 4131 1587 4227 praefatum
1665 4127 1964 4203 officium
2051 4132 2402 4223 pertinent

282 4264 561 4346 praesto
618 4249 758 4325 sint
810 4266 882 4325 et
934 4251 1293 4332 obediant,
1347 4247 1633 4348 Tuaque
1675 4251 1980 4324 salubria
2029 4253 2287 4324 monita
2327 4265 2398 4326 et

278 4373 613 4455 mandata
696 4385 1107 4452 reverenter
1188 4372 1580 4472 suscipiant
1634 4385 1709 4452 et
1762 4373 2132 4451 efficaciter
2184 4375 2402 4449 adim-
