3292 5275
874 488 1027 572 100

866 625 1243 704 Armeniae
1296 628 1489 724 genti
1543 630 2003 716 incubarunt‚
2063 651 2356 726 eamque
2409 633 2500 706 ab
2551 627 3022 726 Apostolicae

870 747 1073 824 Sedis
1128 752 1615 824 communione
1671 759 1744 823 et
1799 751 2200 826 obedientia
2269 774 2410 826 una
2473 775 2714 828 secum
2767 753 3022 829 divel-

868 873 1016 945 lere
1070 873 1471 946 omnimode
1544 871 2037 948 connituntur.
2119 871 2196 944 Id
2251 896 2424 948 vero
2489 885 2572 947 ut
2625 894 2708 946 ex
2759 896 3020 949 eorum

872 991 1219 1066 sententia
1275 994 1513 1075 cedat,
1554 995 1858 1067 multum
1915 993 2280 1066 adlaborat
2335 995 2514 1068 alter
2549 1017 2592 1068 e
2630 990 3024 1068 Neosebis-

869 1113 1148 1185 maticis
1212 1112 1700 1186 sacerdotibus
1767 1108 2066 1186 Ioannes
2121 1109 2464 1206 Kupelian
2499 1163 2519 1200 ,
2587 1135 2798 1208 quem
2859 1119 3020 1188 iam

872 1244 1081 1306 antea
1136 1233 1209 1304 in
1266 1232 1553 1306 civitate
1610 1229 2125 1306 Diarbekirien.
2187 1255 2307 1308 seu
2367 1232 2694 1309 Amiden.
2757 1235 3016 1309 turbas

872 1355 1236 1428 foventem
1292 1366 1364 1426 et
1417 1355 1718 1431 schisma
1775 1356 2200 1434 excitantem
2254 1350 2434 1428 Ven.
2487 1352 2604 1427 Fr.
2670 1352 3016 1430 Nicolaus

872 1469 1466 1568 Archiepiscopus
1503 1469 2228 1566 MartianopolitanuS,
2269 1471 2714 1568 Apostolicus
2751 1479 2826 1548 in
2863 1473 3028 1548 Me-

877 1595 1267 1686 sopotamia
1323 1593 1621 1688 aliisque
1679 1594 2083 1687 regionibus
2132 1591 2533 1686 Delegatus‚
2587 1598 3026 1670 auctoritate

876 1709 1133 1788 Nostra
1188 1715 1469 1806 publice
1525 1735 1611 1786 ac
1653 1715 2066 1788 nominatim
2121 1717 2880 1802 excommunicaverat,
2937 1729 3028 1790 et

881 1836 969 1907 ab
1024 1832 1347 1910 Ecclesia
1430 1835 1778 1908 catholica
1849 1834 2236 1910 abscissum
2315 1836 2824 1911 declaraverat.
2883 1835 3026 1912 Ille

878 1959 1071 2030 enim
1128 1968 1500 2051 postquam
1555 1956 1958 2052 sacrilegam
2013 1955 2478 2050 episcopalem
2539 1958 3028 2032 consecratio-

878 2100 1039 2152 nem
1092 2101 1135 2152 a
1189 2074 1858 2169 Pseudopatriarcba
1914 2079 2229 2170 recepit,
2284 2090 2358 2152 et
2411 2089 2766 2171 potestate
2821 2083 3028 2172 poti-

882 2211 995 2274 tus
1052 2212 1160 2274 est
1192 2247 1215 2287 ,
1274 2200 1656 2273 catholicos
1712 2194 2026 2270 Armenii
2083 2201 2260 2271 ritus
2293 2249 2314 2287 ,
2370 2221 2510 2294 qua
2563 2198 3024 2274 suasionibus

882 2343 1027 2419 qua
1080 2320 1287 2394 minis
1342 2320 1624 2413 publice
1682 2319 1922 2404 illatis,
1965 2319 2432 2394 dominationi
2485 2341 2654 2392 suae
2710 2321 3031 2396 submit-

882 2452 1031 2516 tere
1071 2440 1453 2534 praesumit
1490 2451 1704 2534 atque
1745 2441 2133 2513 contendit.
2175 2435 2379 2529 Quod
2419 2441 2477 2512 si
2517 2465 2850 2537 umquam
2887 2442 3030 2516 fie-

882 2571 1019 2651 ret,
1060 2563 1145 2635 ad
1180 2561 1632 2635 miserrimam
1670 2561 1857 2632 illam
1893 2560 2364 2634 conditionem
2401 2563 2730 2636 catholici
2789 2565 3028 2634 omni-

883 2706 973 2757 no
1026 2695 1583 2768 reverterentur,
1641 2704 1850 2775 quam
1904 2692 2068 2757 ante
2123 2684 2590 2778 quadraginta
2643 2684 2825 2759 duos
2883 2707 3026 2759 an-

884 2826 1015 2880 nos
1081 2806 1530 2900 patiebantur
1562 2852 1583 2890 ,
1642 2804 1808 2877 dum
1871 2805 2210 2896 potestati
2272 2816 2600 2878 veterum
2663 2806 2772 2879 sui
2838 2806 3028 2881 ritus

884 2925 1483 3000 schismaticorum
1538 2936 1742 2997 erant
1795 2925 2108 2997 obnoxii.

994 3036 1070 3117 4.
1132 3042 1477 3139 Equidem
1514 3042 1659 3119 Nos
1699 3046 1874 3117 nihil
1931 3047 2361 3119 intentatum
2401 3044 2846 3139 reliquimuS,
2885 3056 3020 3133 ut,

884 3188 1081 3239 more
1120 3161 1760 3239 Praedecessorum
1794 3162 2233 3252 Nostrorum,
2289 3186 2590 3260 quorum
2645 3166 3032 3239 auctorita-

892 3297 1059 3372 tem,
1118 3287 1591 3381 patrocinium
1646 3295 1720 3358 et
1773 3306 1980 3379 opem
2037 3284 2533 3379 spectatissimi
2587 3285 2843 3381 quique
2881 3284 3028 3359 Ec-

888 3407 1264 3481 clesiarum
1318 3403 1786 3481 Orientalium
1869 3402 2222 3499 Episcopi·
2257 3419 2332 3480 et·
2383 3402 2626 3479 Patres
2683 3410 2755 3479 in
2809 3410 3028 3499 simi-

888 3529 1076 3603 libus
1131 3541 1529 3623 temporum
1581 3540 1655 3600 et
1721 3549 1954 3601 rerum
2011 3528 2358 3601 adiunctis
2413 3530 2791 3621 implorare
2847 3552 3026 3605 con-

892 3660 1307 3735 sueverunt,
1360 3671 1429 3719 a·
1455 3650 1672 3721 vobis·
1720 3660 1912 3721 tanta
1967 3651 2152 3724 mala
2207 3648 2740 3743 depelleremus.
2799 3646 3024 3740 Quem

892 3773 1101 3844 etiam
1179 3773 1255 3843 in
1326 3770 1535 3843 finem
1610 3770 2243 3843 extraordinarium
2301 3767 2636 3845 Nostrum
2707 3773 3024 3863 legatum

892 3893 1077 3965 istuc
1130 3893 1491 3978 misimus3
1544 3890 1914 3984 ipsumque
1972 3892 2438 3966 celsissimum
2471 3888 3021 3967 Othomanicum

893 4009 1433 4125 imperatorem,
1490 4032 1578 4087 ne
1636 4014 1714 4083 in
1769 4014 2002 4105 aliquo
2057 4012 2300 4104 deesse
2358 4014 2762 4093 videremur
2793 4062 2817 4099 ‚
2875 4016 3026 4088 sin-

896 4135 1120 4227 gulari
1176 4129 1431 4206 Nostra
1485 4132 1782 4225 epistola
1841 4155 2064 4225 nuper
2119 4134 2507 4221 adivimus,
2549 4147 2900 4225 roganteS‚
2945 4148 3024 4209 ut

895 4256 984 4328 ad
1040 4256 1357 4327 iustitiae
1413 4256 1761 4327 tramitem
1817 4254 2000 4325 illata
2057 4248 2424 4329 catholicis
2477 4252 2836 4327 Armeniis
2897 4258 3022 4327 da·-

894 4396 1060 4449 mna
1117 4375 1594 4461 sarcirentur,
1655 4388 1726 4447 et
1779 4376 1966 4469 gregi
2035 4398 2164 4449 suo
2246 4372 2498 4449 Pastor
2551 4380 2712 4449 exul
2769 4378 3016 4450 redde-
