3292 5275
2231 518 2379 601 107

272 686 397 747 seu
456 685 585 757 pro
642 676 957 755 tempore
1010 664 1465 735 existentium
1520 656 1593 732 S.
1638 655 1728 733 R.
1767 654 1853 732 E.
1911 658 2382 734 Cardinalium

270 784 581 859 scienter
620 785 739 858 vel
776 783 1179 877 ignoranter
1234 780 1449 855 fuerit
1499 792 1940 865 attentatum,
1995 781 2273 853 irritum
2309 793 2385 855 et

270 906 483 977 inane
536 926 625 977 ae
679 904 943 976 nullius
996 902 1271 977 roboris
1324 902 1790 975 decernimus.

480 1018 637 1097 Non
689 1023 1157 1109 obstantibus,
1211 1034 1561 1117 quatenus
1614 1044 1796 1116 opus
1853 1023 1970 1107 sit,
2009 1022 2236 1096 felicis
2273 1044 2385 1097 re-

267 1144 699 1217 cordationis
752 1141 1133 1216 Alexandri
1190 1138 1423 1237 Papae
1479 1139 1600 1215 111.
1660 1138 2064 1215 Decessoris
2139 1136 2382 1218 Nostri

269 1266 339 1336 in
392 1260 714 1337 Concilio
769 1258 1227 1337 Lateranensi
1282 1261 1499 1350 edita,
1554 1284 1732 1357 quae
1799 1260 2042 1355 incipit
2105 1285 2142 1331 α
2184 1258 2385 1339 Lice‘t

266 1384 357 1457 de
412 1384 709 1457 vitanda
754 1406 789 1453 n
852 1395 928 1457 et
977 1384 1540 1479 quibuscumque
1616 1382 1774 1455 aliis
1829 1383 2046 1455 etiam
2099 1383 2168 1453 in
2227 1383 2390 1458 uni-

266 1504 663 1577 versalibus
714 1502 1041 1579 Conciliis
1079 1502 1265 1588 latis,
1324 1503 1749 1597 specialibus
1789 1503 1904 1575 vel
1941 1504 2385 1595 generalibus

264 1618 905 1699 constitutionibus
936 1620 1388 1715 Apostolieis,
1420 1626 1749 1717 quamvis
1780 1623 1854 1695 in
1884 1644 2180 1716 corpore
2210 1625 2386 1698 iuris
2499 1656 2506 1667 ·

264 1742 525 1817 clausis
554 1790 577 1828 ,
633 1756 705 1816 et
758 1742 887 1819 sub
958 1742 1520 1837 quibuscumque
1596 1745 1964 1817 tenoribus
2017 1755 2088 1815 et
2141 1741 2383 1818 formis

268 1884 351 1935 ae
384 1863 759 1957 quibusvis
792 1865 1011 1936 etiam
1048 1862 1652 1957 derogatoriarum
1681 1864 2166 1955 derogatoriis,
2195 1866 2385 1938 aliis-

262 2004 403 2078 que
454 1981 987 2070 effieaeioribuS,
1042 1994 1115 2057 et
1154 1983 1451 2056 insolitis
1504 1984 1861 2069 clausulis,
1913 1983 2387 2059 irritantibus·-

264 2126 406 2199 que
462 2116 535 2177 et
588 2102 744 2176 aliis
800 2104 1096 2176 decretis
1152 2106 1225 2175 in
1281 2124 1533 2196 genere
1573 2105 1690 2176 vel
1748 2106 1823 2177 in
1863 2106 2126 2198 specie,
2165 2108 2383 2179 etiam

262 2219 463 2297 Motu
520 2225 676 2317 pari
732 2245 815 2297 ae
868 2220 1437 2297 consistorialiter
1490 2224 1814 2307 statutis,
1849 2226 2104 2320 quibus
2160 2228 2386 2300 omni-

264 2343 397 2417 bus
450 2355 526 2416 et
562 2344 854 2435 singulis
907 2358 1257 2438 quatenus
1314 2342 1577 2437 pariter
1632 2366 1808 2437 opus
1861 2346 1952 2419 sit
2003 2368 2384 2442 eorumque

262 2466 585 2539 omnium
622 2464 1007 2546 tenoribus,
1034 2465 1322 2558 perinde
1351 2487 1433 2539 ae
1470 2466 1529 2539 si
1569 2466 2058 2559 praesentibus
2093 2467 2180 2539 de
2211 2489 2384 2541 ver-

182 2651 189 2658 .
262 2586 353 2660 bo
390 2586 481 2658 ad
537 2585 833 2659 verbum
886 2586 1399 2680 exprimantur,
1434 2606 1561 2680 pro
1601 2584 1874 2659 insertis
1909 2597 1982 2660 et
2029 2589 2382 2681 expressis
2485 2641 2488 2646 -

261 2707 625 2787 babentes,
682 2708 757 2778 in
795 2728 877 2780 ea
935 2717 1210 2782 tantum
1246 2718 1478 2798 parte,
1518 2729 1696 2802 quae
1733 2708 2222 2801 praesentibus
2261 2709 2384 2782 ad-

260 2837 621 2912 versatur,
672 2827 813 2899 illis
872 2829 1041 2900 alias
1092 2829 1165 2898 in
1220 2849 1347 2900 suo
1413 2827 1666 2900 robore
1743 2829 2238 2922 permansuris,
2295 2828 2384 2900 ad

258 2949 807 3042 praemissorum
870 2949 1183 3020 omnium
1236 2959 1311 3020 et
1364 2947 1794 3038 singulorum
1870 2946 2381 3022 validissimum

258 3071 595 3144 effectum
645 3068 773 3140 bac
828 3069 984 3141 vice
1040 3068 1415 3143 dumtaxat
1470 3066 1812 3140 latissime
1859 3079 1932 3140 et
1987 3068 2382 3160 plenissime

256 3211 337 3260 ac
376 3189 831 3290 sufficienter,
870 3209 999 3260 nec
1052 3209 1191 3260 non
1230 3188 1629 3279 specialiter
1670 3198 1744 3259 et
1781 3207 2098 3280 expresse
2135 3189 2381 3262 harum

253 3329 547 3403 quoquc
602 3308 781 3380 serie
838 3307 1282 3398 derogamu3‚
1340 3308 1740 3402 ceterisque
1795 3308 2170 3380 contrariis
2223 3309 2384 3402 qui-

256 3428 720 3521 buscumque.

477 3542 663 3619 Nulli
718 3567 884 3637 ergo
940 3547 1231 3619 omnino
1285 3545 1645 3620 bominum
1699 3545 1910 3619 lieeat
1962 3545 2139 3618 banc
2192 3549 2385 3641 pagi-

254 3689 423 3740 nam
458 3661 751 3740 Nostrae
806 3665 1333 3748 declarationis,
1390 3664 1877 3749 ordinationis,
1936 3665 2200 3753 statuti,
2257 3667 2382 3740 de-

252 3789 473 3868 creti,
526 3786 996 3878 derogationis
1052 3799 1127 3860 ct
1178 3785 1559 3860 voluntatis
1617 3785 2019 3878 infringere,
2081 3787 2188 3859 vel
2243 3787 2380 3862 illis

250 3929 437 3982 ausu
492 3909 861 3980 temerario
914 3907 1281 3980 contraire.
1322 3903 1400 3979 Si
1456 3907 1616 4000 quis
1675 3917 1912 3980 autem
1971 3906 2104 3980 hoc
2158 3919 2385 3981 atten-

249 4041 411 4100 tare
465 4027 1043 4133 praesumpserit,
1100 4025 1650 4118 indignationem
1688 4021 2212 4120 Omnipotentis
2250 4025 2382 4104 Dei

248 4171 341 4222 ae
397 4143 775 4222 Beatorum
844 4142 1041 4219 Petri
1094 4160 1167 4220 et
1230 4141 1433 4220 Pauli
1505 4144 2003 4242 Apostolorum
2079 4145 2252 4220 Eius
2305 4171 2380 4222 se

246 4269 541 4344 noverit
594 4269 1075 4343 incursurum.
