3292 5275
884 589 1223 687 Hispania
1298 617 1340 668 a
1418 591 1631 674 Civili
1697 605 2076 688 potestate.
2143 591 2510 692 Siquidem
2573 595 2950 676 didicimus
2995 647 3030 686 ,

884 716 1312 809 propositam
1363 737 1593 808 nuper
1628 717 1878 802 fuisse,
1915 727 1990 793 et
2035 717 2178 793 iam
2221 741 2266 792 a
2311 713 2750 810 Legislativo
2783 716 3028 798 coetu

882 847 1107 911 ratam
1170 836 1481 916 habitam
1544 836 1770 927 legem
1823 839 1914 910 <le
1969 834 2160 916 Cleri
2213 839 2417 924 dote,
2480 859 2628 932 qua
2681 861 2826 914 non
2861 861 3030 916 mo·-

883 957 975 1030 do
1032 959 1373 1034 solemnia
1426 958 1848 1048 franguntur
1901 970 2109 1051 poeta
2161 970 2548 1048 conventa,
2601 961 2728 1034 sed
2781 963 3028 1040 munis

884 1097 1175 1170 prorsus
1229 1076 1403 1154 recti
1459 1078 1774 1174 iustique
1813 1099 2060 1159 norma
2097 1080 2579 1172 proculcatur.
2637 1075 2838 1172 Quae
2877 1081 3022 1176 lex,

884 1218 1045 1273 eum
1102 1208 1379 1291 spectet
1430 1198 1521 1271 ad
1582 1201 2132 1289 exasperandam
2185 1198 2498 1292 inopiam
2549 1203 3028 1278 servitutem·—

882 1339 1025 1411 que
1074 1312 1291 1402 Cleri,
1342 1327 1421 1392 et
1470 1318 1559 1388 ad
1614 1319 1961 1396 irritanda
2017 1319 2474 1414 augendaque
2523 1319 2696 1398 mala
2755 1321 3022 1398 illustri

884 1439 989 1512 illi
1026 1438 1290 1514 nationi
1334 1439 1531 1516 illata
1586 1460 1716 1530 per
1753 1452 2146 1532 postremos
2189 1439 2404 1516 hosce
2457 1463 2677 1514 annos
2719 1442 2798 1515 in
2843 1465 3022 1538 per-

884 1559 1135 1632 niciem
1190 1557 1359 1664 fidei
1410 1569 1480 1632 et
1534 1560 2052 1635 ecclesiastieae
2089 1559 2502 1654 disciplinae
2550 1584 2592 1633 a
2643 1562 3034 1658 deploran-

884 1678 975 1754 da
1011 1690 1331 1756 aetorum
1368 1675 1714 1755 Gubernii
1761 1681 1994 1770 serie3
2035 1676 2804 1756 sicuti-venerabilium
2841 1680 3028 1760 Fra·-

884 1811 1063 1879 trum
1118 1801 1189 1874 in
1244 1795 1599 1893 Hispaniis
1654 1797 2166 1900 Episcoporum
2218 1801 2668 1887 iustissimas,
2723 1823 3032 1878 eorum-

882 1941 1019 2016 que
1056 1919 1383 1994 firmitate
1420 1923 1625 2013 plane
1662 1922 1936 2013 dignas,
1972 1923 2298 2017 querelas
2335 1923 2480 1996 iam
2507 1924 2887 2012 excitavit,
2915 1926 3026 2000 sie

883 2053 1154 2120 nostras
1214 2063 1403 2121 nune
1456 2041 1676 2136 poscit
1733 2044 2079 2118 solemnes
2135 2043 2758 2136 expostulationes.

1095 2159 1441 2240 Tristior-a
1492 2185 1772 2256 quoque
1809 2163 2410 2237 commemoranda
2448 2165 2678 2241 forent
2729 2165 2822 2242 de
2857 2166 3024 2240 exi-

884 2303 1020 2374 gua
1060 2283 1183 2358 illa
1240 2285 1367 2361 sed
1430 2284 2038 2377 impudentissima
2095 2263 2702 2360 schismaticorum
2749 2281 3022 2363 Arme-

882 2401 1161 2477 niorum
1214 2425 1433 2480 manu
1474 2451 1499 2488 ,
1552 2425 1738 2499 quae
1777 2451 1800 2491 ,
1857 2401 2470 2498 Constantinopoli
2528 2406 2952 2499 praesertim
2987 2455 3020 2498 ,

884 2545 1013 2617 per
1065 2524 1435 2616 audaciam
1488 2525 1757 2600 fraudis
1811 2535 1883 2598 et
1935 2526 2310 2601 violentiae
2379 2547 2554 2600 suae
2607 2527 3018 2623 opprimere

883 2648 1139 2724 nititur
1174 2649 1397 2725 multo
1434 2645 1888 2741 copiosiorem
1923 2666 2169 2724 eorum
2205 2667 2602 2733 numerum,
2655 2648 2780 2743 qui
2841 2670 3016 2725 eou-

880 2778 1145 2843 stantes
1228 2770 1307 2843 in
1372 2770 1603 2845 officio
1663 2778 1743 2839 et
1803 2766 1940 2843 fide
2022 2775 2586 2861 permanserunt.
2649 2762 3015 2845 Ementito

882 2910 1185 2992 namque
1250 2890 1603 2967 catholieo
1665 2888 1974 2972 nomine,
2031 2895 2351 2981 perstant
2410 2888 2549 2983 ipsi
2601 2889 2680 2959 iu
2745 2890 3018 2984 perdu-
3099 2990 3108 2995 -

880 3011 1135 3089 ellione
1186 3032 1321 3087 sua
1378 3010 1722 3085 adversus
1777 3030 2180 3101 supremam
2247 3005 2580 3086 Nostram
2625 3010 3016 3085 auetorita-

882 3142 1031 3210 tem
1064 3152 1151 3209 ae
1185 3130 1575 3223 legitimum
1630 3152 1836 3205 suum
1871 3126 2388 3216 Patriacum,
2437 3127 2562 3225 qui
2615 3149 2866 3207 eorum
2905 3152 3018 3207 ar·-

882 3252 1075 3329 tibus
1124 3254 1397 3337 eiectus
1454 3253 1615 3327 exul
1693 3252 1781 3325 ad
1861 3247 2002 3327 Nos
2057 3254 2436 3343 confugere
2509 3250 2782 3327 debuit.
2839 3247 3016 3327 Ver-

882 3376 1075 3455 sutia
1129 3396 1302 3451 vero
1358 3394 1485 3451 sua
1546 3394 1704 3448 eam
1760 3375 1950 3469 apud
2013 3374 2296 3449 civilem
2349 3382 2776 3467 potestatem
2831 3371 3015 3449 inie-

880 3506 1053 3577 runt
1103 3496 1423 3589 gratiam,
1464 3504 1545 3568 ut
1590 3516 1736 3572 non
1791 3494 2236 3571 obstantibus
2291 3489 2538 3585 Legati
2593 3488 2836 3565 Nostri
2889 3514 3014 3573 ex·

882 3616 1331 3695 traordinarii
1384 3615 1543 3696 illuc
1620 3616 1709 3693 ad
1769 3636 1884 3702 res
1949 3614 2474 3709 componendas
2527 3614 2726 3687 missi
2777 3614 3011 3691 studio

876 3750 967 3817 et.
986 3733 1261 3826 officiis,
1305 3758 1387 3814 ae
1424 3737 1639 3814 etiem
1675 3732 1972 3815 Litteris
2007 3731 2288 3813 Nostris
2341 3734 2428 3810 ad
2481 3735 3012 3811 serenissimum

882 3854 1277 3941 Tun-carum
1332 3855 1837 3951 Imperatorem
1881 3854 2086 3941 datis,
2125 3876 2482 3931 armorum
2533 3855 2850 3931 adbibita
2906 3854 3009 3937 vi,

880 3976 1361 4060 converterint
1414 3980 1491 4054 in
1546 3979 1912 4072 proprium
1949 3997 2156 4053 usum
2207 3978 2484 4073 aliquas
2539 3996 2580 4071 e
2635 3975 3009 4051 catholieo-

882 4118 1063 4181 Μαι·
1098 4094 1467 4185 Eccleaiis,
1532 4099 1880 4178 coiverint
1941 4098 2018 4173 in
2079 4096 2668 4185 conciliabulum,
2735 4096 3008 4195 sibique

878 4220 1251 4293 statuerint
1300 4218 1818 4292 schismaticum
1874 4215 2410 4309 Patriarebam3
2471 4225 2688 4315 atque
2749 4216 3001 4293 effece-

3261 1037 3270 1534 4
