3292 5275
878 477 983 560 96

877 623 1075 695 tione
1126 611 1419 696 consilia
1460 621 1846 707 conferant,
1883 641 2012 714 per
2045 641 2230 716 quae
2287 643 2364 694 se
2419 615 2723 693 in'vi'cem
2759 639 3012 694 omnes

878 742 951 814 in
1004 742 1249 815 eadem
1304 752 1541 814 meme
1598 741 1978 834 eademque
2033 739 2386 814 sententia
2445 743 2888 836 obstringant
2941 751 3020 813 et

876 861 1323 948 confirment,
1370 872 1445 934 et
1498 860 1585 934 ad
1644 859 1924 932 difficile
1979 873 2336 935 certamen
2383 871 2632 934 contra
2689 859 3021 954 impieta-

879 983 973 1054 tis
1016 1003 1231 1058 ausus
1268 983 1627 1056 efficacius
1679 981 2086 1054 obeundum
2122 975 2439 1054 unanimi
2489 982 2650 1054 nisu
2707 1003 2782 1055 se
2814 1003 3024 1054 com-

878 1115 1157 1198 parent.
2973 1123 2978 1128 ·

1092 1221 1415 1297 Visitavit
1495 1225 1808 1316 profecto
1879 1216 2022 1295 Nos
2096 1218 2477 1308 Dominus,
2545 1218 3020 1296 Venerabiles

878 1340 1165 1417 Fratres
1196 1391 1221 1428 ‚
1286 1345 1362 1415 in
1448 1341 1676 1435 gladio
1741 1363 1872 1416 suo
1955 1341 2132 1414 duro
2213 1353 2286 1414 et
2345 1342 2588 1434 grandi
2643 1353 2718 1415 et
2783 1345 3016 1433 forti3

880 1464 1341 1558 ascenditque
1386 1462 1621 1538 fumus
1659 1465 1733 1536 iu
1789 1465 1894 1534 ira
1949 1465 2104 1535 eius
2159 1475 2228 1534 et
2281 1465 2466 1554 ignis
2521 1487 2562 1538 a
2617 1462 2798 1536 facie
2853 1465 3018 1538 eius

880 1584 1163 1658 exarsit.
1220 1580 1359 1656 Sed
1416 1582 1762 1678 numquid
1813 1582 1889 1653 in
1953 1594 2322 1655 aeternum
2385 1583 2707 1676 proiioiet
2762 1579 3018 1672 Deus,

880 1716 1009 1779 aut
1070 1725 1212 1778 nou
1284 1715 1589 1800 apponet
1626 1714 1710 1777 ut
1745 1703 2226 1797 complacitior
2289 1704 2380 1776 sit
2431 1697 2714 1778 adbuc?
2772 1700 3018 1777 Absit:

878 1819 1037 1897 Non
1088 1826 1271 1897 enim
1326 1824 1766 1897 obliviscitur
1817 1825 2136 1897 misereri
2195 1819 2538 1896 Dominus
2572 1871 2595 1907 ‚
2653 1845 2782 1896 nec
2837 1847 3022 1898 con-

879 1948 1062 2019 tinet
1096 1947 1171 2017 in
1226 1943 1877 2018 immisericordius
1915 1967 2112 2033 suas;
2155 1946 2277 2017 sed
2313 1943 2432 2038 qui
2471 1947 2736 2018 multus
2773 1955 2886 2016 cst
2923 1945 3018 2018 ad

878 2067 1380 2160 ignoscendum
1409 2114 1431 2153 ‚
1487 2088 1568 2138 ae
1651 2067 2084 2159 propitiatur
2145 2065 2646 2139 invocantibus
2709 2086 2870 2138 eum
2937 2068 3016 2138 in

880 2188 1232 2272 veritate,
1270 2187 1582 2268 effundet
1642 2189 1720 2260 in
1760 2208 1891 2260 nos
1929 2187 2220 2263 divitias
2259 2187 2774 2260 misericordiae
2813 2207 3013 2259 suae.

881 2303 1213 2380 Divinam
1294 2309 1472 2380 iram
1550 2307 1966 2401 acceptabili
2041 2309 2172 2382 hoc
2235 2303 2582 2380 Dominici
2655 2308 3018 2382 adventus

876 2439 1199 2521 tempore
1226 2429 1537 2521 placare
1592 2431 2046 2518 studeamus;
2098 2425 2417 2524 Regique
2482 2425 2809 2522 pacifico,
2885 2430 3016 2522 qui

882 2550 1195 2645 proxime
1247 2559 1593 2624 venturus
1646 2562 1759 2623 est
1811 2561 1892 2622 ut
1955 2569 2196 2644 pacem
2255 2549 2630 2623 annuntiet
2698 2549 3020 2621 homini·-

882 2672 1016 2746 bus
1052 2673 1291 2745 -bonae
1342 2672 1764 2758 voluntatis,
1819 2673 1892 2742 in
1949 2671 2272 2745 novitate
2329 2672 2522 2744 vitae
2568 2671 3014 2745 ambulantes

880 2792 1273 2869 humiliter.
1308 2814 1782 2865 occurramus.
1848 2790 2086 2864 Iustus
2161 2804 2236 2865 et
2303 2792 2698 2864 misericors
2769 2788 2964 2865 Deus
2987 2840 3012 2874 ‚

882 2913 1084 2985 cuius
1140 2934 1391 2985 areana
1446 2912 1903 3007 dispositione
1959 2915 2104 2985 nati
2164 2934 2398 2988 sumus
2447 2913 2692 2986 videre
2743 2914 3020 2985 contri-

888 3033 1149 3105 tionem
1204 3034 1441 3127 populi
1496 3036 1720 3107 nostri
1781 3046 1855 3106 et
1915 3036 2400 3107 contritionem
2463 3032 2775 3106 civitatis
2847 3054 3020 3105 san-

885 3165 1074 3238 etae,
1126 3162 1201 3225 et
1251 3154 1501 3227 sedere
1538 3154 1680 3227 illic
1727 3176 1886 3227 cum
1925 3156 2134 3229 datur
2185 3154 2260 3225 in
2315 3154 2640 3228 manibus
2687 3155 3022 3227 inimico-

886 3294 1085 3357 rum,
1140 3271 1297 3366 Ipse
1350 3275 1641 3349 inclinet
1697 3297 1940 3349 aurem
1997 3296 2198 3349 suam
2255 3288 2328 3347 et
2385 3276 2680 3359 audiat,
2739 3276 3022 3366 aperiat

886 3396 1125 3467 oculos
1183 3418 1349 3469 suos
1401 3406 1479 3469 et
1530 3397 1773 3469 videat
1827 3396 2334 3469 desolationem
2403 3407 2718 3469 nostram
2775 3406 2848 3467 et
2905 3396 3020 3467 ci-

888 3516 1210 3605 vitatem,
1264 3538 1483 3611 super
1536 3537 1742 3611 quam
1795 3518 2200 3591 invocatum
2237 3528 2348 3590 est
2385 3536 2638 3589 nomen
2695 3514 2904 3589 Eius.
3030 3612 3040 3621 .
