3292 5275
294 632 458 706 illud
513 633 947 706 territorium
1001 633 1191 726 quod
1247 612 1659 705 catholicam
1728 630 1937 703 fidem
2010 613 2419 706 constanter

291 751 692 840 retinuerat,
729 764 803 825 et
841 749 1188 826 Beruensi
1230 750 1416 848 Pago
1456 753 1864 844 iampridem
1904 757 2223 828 iunctum
2259 755 2414 830 fue-

290 887 400 946 rat
452 896 540 948 ea
583 875 730 967 lege
769 886 1106 967 pactoque
1153 885 1234 946 ut
1273 873 1618 968 religionis
1658 895 1827 947 suae
1864 876 2158 947 liberum
2196 886 2411 969 atque

291 994 711 1067 inviolatum
773 994 1192 1066 exercitium
1257 969 1549 1081 baberbt
1594 1041 1614 1077 ,
1676 996 2187 1086 paroecialibus
2244 1016 2415 1067 con-

292 1115 644 1198 cionibUS,
709 1095 1144 1187 solemnibus
1197 1115 1676 1205 baptismatiS,
1734 1115 2137 1208 nuptiarum
2190 1127 2262 1186 et
2315 1115 2423 1187 fu..

291 1255 539 1308 nerum
596 1236 1032 1326 privaretur,
1066 1245 1542 1328 conquerente
1584 1237 1844 1307 frustra
1882 1245 1953 1307 et
1992 1237 2423 1307 reclamante

293 1357 606 1429 fidelium
662 1342 1110 1429 multitudine
1167 1354 1306 1426 iam
1359 1375 1488 1447 per
1545 1375 1891 1428 summam
1964 1355 2294 1430 iniuriam
2351 1357 2419 1428 in

293 1479 430 1549 bec
487 1475 856 1548 discrimen
916 1476 1243 1560 adducta,
1283 1489 1360 1547 ut
1415 1477 1532 1547 vel
1587 1475 2067 1549 schismaticos
2123 1477 2429 1549 haereti·

295 1617 552 1688 cosque
594 1609 915 1688 pastores
954 1597 1240 1688 politica
1282 1598 1701 1669 auctoritate
1742 1597 2041 1670 intrusos
2081 1599 2420 1690 recipere,

294 1719 412 1788 vel
466 1737 910 1808 quocumque
952 1717 1412 1789 sacerdotum
1449 1717 1718 1789 auxilio
1754 1727 1839 1798 et,
1864 1719 2257 1790 ministerio
2292 1719 2427 1790 de-

297 1836 500 1908 stitui
555 1821 874 1926 cogatur.

507 1951 648 2028 Nos
686 1958 932 2049 utiquc
979 1949 1138 2028 Deo
1173 1954 1653 2049 benedicimus
1692 1957 1814 2050 qui
1871 1957 2116 2030 eadem
2172 1961 2423 2050 gratia,

295 2065 431 2172 dua
486 2090 832 2170 martyres
885 2075 1052 2148 olim
1094 2067 1418 2167 erigebat
1453 2089 1527 2147 et
1559 2076 2045 2155 confirmabat,
2078 2075 2429 2154 sustentat

299 2189 506 2270 mode
563 2219 642 2269 ac
699 2199 978 2269 roborat
1029 2218 1188 2270 eam
1245 2207 1518 2287 partem
1577 2198 1879 2268 electam
1918 2197 2241 2270 catholici
2278 2221 2433 2294 gre·—

293 2320 423 2412 gis,
477 2339 658 2412 quae
713 2318 1009 2390 viriliter
1063 2319 1381 2410 sequitur
1439 2313 1885 2410 Episcopum
1938 2339 2149 2390 suum
2214 2341 2434 2413 oppo-

293 2452 584 2512 nentem
637 2457 920 2512 murum
975 2458 1103 2529 pro
1157 2439 1362 2509 domo
1431 2433 1653 2510 lsrael
1708 2450 1789 2510 ut
1844 2450 1987 2510 stet
2041 2440 2114 2510 in
2169 2439 2433 2532 praelio

297 2560 376 2630 in
433 2559 544 2630 die
583 2554 861 2631 Domini
900 2549 1059 2658 (1),
1099 2569 1170 2629 et
1223 2557 1460 2630 nescia
1533 2556 1922 2630 formidinis
1980 2561 2293 2654 vestigiis
2331 2561 2438 2630 in..

301 2679 618 2770 graditur
673 2680 898 2771 ipsius
952 2674 1252 2771 Capitis'
1281 2690 1667 2771 martyrum
1716 2676 1877 2751 lesu
1930 2676 2221 2759 Christi,
2268 2682 2439 2754 dum

299 2798 463 2889 agni
499 2796 1096 2873 mansuetudinem
1134 2797 1438 2872 ferociae
1481 2800 1821 2889 luporum
1860 2799 2193 2870 abiiciens
2232 2799 2437 2873 fidem
2494 2852 2498 2856 -

303 2938 499 2992 suam
555 2920 886 3005 alacriter
941 2920 1498 3010 constanterque
1558 2932 1977 3012 propugnat.

513 3032 832 3110 Nobilem
894 3038 1082 3109 banc
1140 3032 1634 3109 Helvetiorum
1708 3036 2019 3109 fidelium
2094 3048 2441 3109 constan-

305 3158 479 3231 tiam
530 3158 1167 3242 aemulatur-„hand
1237 3157 1487 3227 minori
1545 3158 2148 3231 commendatione
2214 3158 2440 3231 clerus

305 3280 742 3371 populusque
793 3279 1022 3351 fidelis
1080 3280 1154 3349 in
1219 3272 1627 3363 Germania,
1687 3278 1811 3369 qui
1867 3290 1940 3350 et
1995 3279 2143 3370 ipse
2207 3278 2446 3371 sequi·-

307 3408 426 3471 tur
477 3400 794 3492 exempla
854 3400 1166 3472 illustria
1229 3392 1640 3469 Praesulum
1705 3400 2016 3470 enorum.
2075 3392 2165 3470 Hi
2220 3399 2447 3471 enim·-

293 3539 482 3593 ‘vero
557 3522 1038 3613 spectaculum
1115 3520 1289 3591 facti
1358 3526 1523 3589 sunt
1597 3518 1853 3589 mundo
1916 3529 1990 3591 et
2052 3520 2321 3609 angelis
2375 3529 2449 3591 et

309 3641 748 3726 bominibus,
787 3640 908 3735 qui
947 3640 1234 3711 eosdem
1289 3638 1573 3711 indutos
1629 3640 2017 3711 catholicae
2071 3638 2289 3711 lorica
2326 3658 2450 3711 ve-

309 3764 540 3835 ritatis
595 3772 670 3834 et
725 3762 922 3857 galea
977 3760 1224 3835 salutis
1262 3758 1516 3853 praelia
1552 3754 1841 3831 Domini
1880 3771 2208 3831 straenue
2245 3779 2451 3851 prae-

312 3884 469 3953 liari
525 3885 838 3977 undique
899 3880 1534 3975 circumspiciunt,
1592 3900 1979 3974 eorumque
2036 3880 2249 3951 animi
2304 3881 2451 3952 for-

314 4006 690 4079 titudinem
749 4004 1225 4096 invictamque
1283 4002 1761 4074 constantiam
1815 4006 1901 4073 e'o
1956 4000 2171 4094 magis
2226 4000 2453 4071 admi-

314 4134 568 4199 rantur
621 4136 698 4196 et
753 4123 1034 4196 eximiis
1088 4123 1421 4198 laudibus
1477 4125 1862 4207 extollunt,
1902 4144 2047 4217 quo
2102 4122 2321 4213 magis
2352 4120 2447 4195 'in

473 4380 558 4467 (1)
600 4380 838 4449 Ezoon.
890 4378 994 4464 13,
1015 4375 1074 4447 5.

1883 4484 2027 4567 17*
