<?xml version="1.0" encoding="UTF-8"?>
<!DOCTYPE html PUBLIC "-//W3C//DTD XHTML 1.0 Transitional//EN"
    "http://www.w3.org/TR/xhtml1/DTD/xhtml1-transitional.dtd">
<html xmlns="http://www.w3.org/1999/xhtml" xml:lang="en" lang="en">
 <head>
  <title>
</title>
<meta http-equiv="Content-Type" content="text/html;charset=utf-8" />
  <meta name='ocr-system' content='tesseract 3.04.00' />
  <meta name='ocr-capabilities' content='ocr_page ocr_carea ocr_par ocr_line ocrx_word'/>
</head>
<body>
  <div class='ocr_page' id='page_1' title='image "./piiixpontificis01ixgoog_0169.png"; bbox 0 0 3292 5275; ppageno 0'>
   <div class='ocr_carea' id='block_1_1' title="bbox 2241 477 2394 561">
    <p class='ocr_par' dir='ltr' id='par_1_1' title="bbox 2241 477 2394 561">
     <span class='ocr_line' id='line_1_1' title="bbox 2241 477 2394 561; baseline 0 0"><span class='ocrx_word' id='word_1_1' title='bbox 2241 477 2394 561; x_wconf 75' lang='lat'><strong>163</strong></span> 
     </span>
    </p>
   </div>
   <div class='ocr_carea' id='block_1_2' title="bbox 268 612 2418 4462">
    <p class='ocr_par' dir='ltr' id='par_1_2' title="bbox 268 612 2412 3602">
     <span class='ocr_line' id='line_1_2' title="bbox 484 612 2398 715; baseline 0.001 -26"><span class='ocrx_word' id='word_1_2' title='bbox 484 612 633 715; x_wconf 76' lang='lat' dir='ltr'><strong>Hac</strong></span> <span class='ocrx_word' id='word_1_3' title='bbox 688 619 901 713; x_wconf 69' lang='lat' dir='ltr'><strong>igitur</strong></span> <span class='ocrx_word' id='word_1_4' title='bbox 958 621 1033 691; x_wconf 86' lang='lat' dir='ltr'><strong>in</strong></span> <span class='ocrx_word' id='word_1_5' title='bbox 1062 619 1388 693; x_wconf 74' lang='lat' dir='ltr'><strong>eeclesia</strong></span> <span class='ocrx_word' id='word_1_6' title='bbox 1448 618 1710 699; x_wconf 76' lang='lat' dir='ltr'><strong>sedem,</strong></span> <span class='ocrx_word' id='word_1_7' title='bbox 1744 618 2163 707; x_wconf 81' lang='lat' dir='ltr'><strong>cathedram</strong></span> <span class='ocrx_word' id='word_1_8' title='bbox 2193 632 2266 693; x_wconf 84' lang='lat' dir='ltr'><strong>et</strong></span> <span class='ocrx_word' id='word_1_9' title='bbox 2299 619 2398 692; x_wconf 83' lang='lat' dir='ltr'><strong>di-</strong></span> 
     </span>
     <span class='ocr_line' id='line_1_3' title="bbox 268 734 2398 834; baseline 0.002 -25"><span class='ocrx_word' id='word_1_10' title='bbox 268 740 615 833; x_wconf 73' lang='lat' dir='ltr'><strong>gnitatem</strong></span> <span class='ocrx_word' id='word_1_11' title='bbox 671 734 729 809; x_wconf 92' lang='lat' dir='ltr'><strong>E</strong></span> <span class='ocrx_word' id='word_1_12' title='bbox 738 740 1161 833; x_wconf 78' lang='lat' dir='ltr'><strong>piacopalem</strong></span> <span class='ocrx_word' id='word_1_13' title='bbox 1197 739 1351 831; x_wconf 84' lang='lat' dir='ltr'><strong>pari</strong></span> <span class='ocrx_word' id='word_1_14' title='bbox 1398 740 1824 813; x_wconf 76' lang='lat' dir='ltr'><strong>auctoritate</strong></span> <span class='ocrx_word' id='word_1_15' title='bbox 1881 751 2222 834; x_wconf 87' lang='lat' dir='ltr'><strong>perpetuo</strong></span> <span class='ocrx_word' id='word_1_16' title='bbox 2255 742 2398 813; x_wconf 58' lang='lat' dir='ltr'><strong>eri*-</strong></span> 
     </span>
     <span class='ocr_line' id='line_1_4' title="bbox 271 857 2400 955; baseline 0.003 -25"><span class='ocrx_word' id='word_1_17' title='bbox 271 860 501 949; x_wconf 77' lang='lat' dir='ltr'><strong>gimus</strong></span> <span class='ocrx_word' id='word_1_18' title='bbox 554 869 765 951; x_wconf 84' lang='lat' dir='ltr'><strong>atque</strong></span> <span class='ocrx_word' id='word_1_19' title='bbox 816 860 1354 945; x_wconf 72' lang='lat' dir='ltr'><strong>constituimu8‚</strong></span> <span class='ocrx_word' id='word_1_20' title='bbox 1412 880 1538 952; x_wconf 89' lang='lat' dir='ltr'><strong>pro</strong></span> <span class='ocrx_word' id='word_1_21' title='bbox 1594 880 1736 935; x_wconf 86' lang='lat' dir='ltr'><strong>uno</strong></span> <span class='ocrx_word' id='word_1_22' title='bbox 1775 861 2070 952; x_wconf 78' lang='lat' dir='ltr'><strong>posthac</strong></span> <span class='ocrx_word' id='word_1_23' title='bbox 2105 857 2400 955; x_wconf 84' lang='lat' dir='ltr'><strong>Episco-</strong></span> 
     </span>
     <span class='ocr_line' id='line_1_5' title="bbox 274 974 2400 1075; baseline 0.003 -26"><span class='ocrx_word' id='word_1_24' title='bbox 274 1001 363 1071; x_wconf 92' lang='lat' dir='ltr'><strong>po</strong></span> <span class='ocrx_word' id='word_1_25' title='bbox 410 1004 447 1049; x_wconf 75' lang='grc' dir='ltr'><strong>α</strong></span> <span class='ocrx_word' id='word_1_26' title='bbox 490 974 748 1053; x_wconf 86' lang='lat' dir='ltr'><strong>Portus</strong></span> <span class='ocrx_word' id='word_1_27' title='bbox 784 978 1041 1053; x_wconf 83' lang='lat' dir='ltr'><strong>veteris</strong></span> <span class='ocrx_word' id='word_1_28' title='bbox 1084 1003 1119 1047; x_wconf 71' lang='lat' dir='ltr'><strong>n</strong></span> <span class='ocrx_word' id='word_1_29' title='bbox 1168 980 1672 1073; x_wconf 88' lang='lat' dir='ltr'><strong>nuncupando,</strong></span> <span class='ocrx_word' id='word_1_30' title='bbox 1721 982 1840 1075; x_wconf 86' lang='lat' dir='ltr'><strong>qui</strong></span> <span class='ocrx_word' id='word_1_31' title='bbox 1895 974 2222 1069; x_wconf 73' lang='lat' dir='ltr'><strong>Quitensi</strong></span> <span class='ocrx_word' id='word_1_32' title='bbox 2279 978 2400 1055; x_wconf 86' lang='lat' dir='ltr'><strong>Se-</strong></span> 
     </span>
     <span class='ocr_line' id='line_1_6' title="bbox 271 1094 2400 1195; baseline 0.002 -25"><span class='ocrx_word' id='word_1_33' title='bbox 271 1099 341 1170; x_wconf 88' lang='lat' dir='ltr'><strong>di</strong></span> <span class='ocrx_word' id='word_1_34' title='bbox 400 1099 838 1192; x_wconf 70' lang='lat' dir='ltr'><strong>suffragetur,</strong></span> <span class='ocrx_word' id='word_1_35' title='bbox 894 1098 1211 1195; x_wconf 83' lang='lat' dir='ltr'><strong>illiusque</strong></span> <span class='ocrx_word' id='word_1_36' title='bbox 1268 1099 1405 1175; x_wconf 86' lang='lat' dir='ltr'><strong>iuri</strong></span> <span class='ocrx_word' id='word_1_37' title='bbox 1458 1094 1986 1195; x_wconf 80' lang='lat' dir='ltr'><strong>Metropolitico</strong></span> <span class='ocrx_word' id='word_1_38' title='bbox 2025 1101 2226 1173; x_wconf 81' lang='lat' dir='ltr'><strong>iuxta</strong></span> <span class='ocrx_word' id='word_1_39' title='bbox 2283 1123 2400 1175; x_wconf 89' lang='lat' dir='ltr'><strong>sa-</strong></span> 
     </span>
     <span class='ocr_line' id='line_1_7' title="bbox 272 1220 2396 1314; baseline 0.001 -23"><span class='ocrx_word' id='word_1_40' title='bbox 272 1240 557 1292; x_wconf 84' lang='lat' dir='ltr'><strong>crorum</strong></span> <span class='ocrx_word' id='word_1_41' title='bbox 612 1240 958 1294; x_wconf 84' lang='lat' dir='ltr'><strong>canonum</strong></span> <span class='ocrx_word' id='word_1_42' title='bbox 1018 1220 1604 1314; x_wconf 71' lang='lat' dir='ltr'><strong>praescriptiones</strong></span> <span class='ocrx_word' id='word_1_43' title='bbox 1657 1221 1948 1295; x_wconf 80' lang='lat' dir='ltr'><strong>subesse</strong></span> <span class='ocrx_word' id='word_1_44' title='bbox 2014 1232 2343 1297; x_wconf 86' lang='lat' dir='ltr'><strong>teneatur</strong></span> <span class='ocrx_word' id='word_1_45' title='bbox 2371 1270 2396 1307; x_wconf 88' lang='lat'><strong>,</strong></span> 
     </span>
     <span class='ocr_line' id='line_1_8' title="bbox 271 1335 2398 1433; baseline 0.001 -22"><span class='ocrx_word' id='word_1_46' title='bbox 271 1340 542 1433; x_wconf 82' lang='lat' dir='ltr'><strong>quique</strong></span> <span class='ocrx_word' id='word_1_47' title='bbox 598 1338 825 1412; x_wconf 85' lang='lat' dir='ltr'><strong>eidem</strong></span> <span class='ocrx_word' id='word_1_48' title='bbox 878 1339 1215 1413; x_wconf 82' lang='lat' dir='ltr'><strong>eeclesiae</strong></span> <span class='ocrx_word' id='word_1_49' title='bbox 1271 1335 1708 1425; x_wconf 73' lang='lat' dir='ltr'><strong>Cathedrali,</strong></span> <span class='ocrx_word' id='word_1_50' title='bbox 1763 1337 2037 1415; x_wconf 78' lang='lat' dir='ltr'><strong>civitati</strong></span> <span class='ocrx_word' id='word_1_51' title='bbox 2072 1354 2146 1414; x_wconf 88' lang='lat' dir='ltr'><strong>et</strong></span> <span class='ocrx_word' id='word_1_52' title='bbox 2187 1336 2398 1415; x_wconf 84' lang='lat' dir='ltr'><strong>Dioc-</strong></span> 
     </span>
     <span class='ocr_line' id='line_1_9' title="bbox 272 1455 2409 1554; baseline 0.004 -23"><span class='ocrx_word' id='word_1_53' title='bbox 272 1460 449 1544; x_wconf 79' lang='lat' dir='ltr'><strong>cesi,</strong></span> <span class='ocrx_word' id='word_1_54' title='bbox 504 1458 795 1552; x_wconf 87' lang='lat' dir='ltr'><strong>eiusque</strong></span> <span class='ocrx_word' id='word_1_55' title='bbox 834 1461 1103 1553; x_wconf 84' lang='lat' dir='ltr'><strong>pariter</strong></span> <span class='ocrx_word' id='word_1_56' title='bbox 1163 1462 1354 1535; x_wconf 83' lang='lat' dir='ltr'><strong>clero</strong></span> <span class='ocrx_word' id='word_1_57' title='bbox 1382 1470 1457 1533; x_wconf 91' lang='lat' dir='ltr'><strong>et</strong></span> <span class='ocrx_word' id='word_1_58' title='bbox 1488 1461 1748 1552; x_wconf 88' lang='lat' dir='ltr'><strong>populo</strong></span> <span class='ocrx_word' id='word_1_59' title='bbox 1775 1461 1850 1531; x_wconf 91' lang='lat' dir='ltr'><strong>in</strong></span> <span class='ocrx_word' id='word_1_60' title='bbox 1877 1455 2178 1537; x_wconf 87' lang='lat' dir='ltr'><strong>Domino</strong></span> <span class='ocrx_word' id='word_1_61' title='bbox 2208 1482 2409 1554; x_wconf 57' lang='lat' dir='ltr'><strong>pra&amp;</strong></span> 
     </span>
     <span class='ocr_line' id='line_1_10' title="bbox 272 1577 2404 1675; baseline 0.003 -24"><span class='ocrx_word' id='word_1_62' title='bbox 272 1581 399 1663; x_wconf 85' lang='lat' dir='ltr'><strong>sit,</strong></span> <span class='ocrx_word' id='word_1_63' title='bbox 455 1602 537 1653; x_wconf 90' lang='lat' dir='ltr'><strong>ac</strong></span> <span class='ocrx_word' id='word_1_64' title='bbox 590 1591 873 1673; x_wconf 86' lang='lat' dir='ltr'><strong>praeter</strong></span> <span class='ocrx_word' id='word_1_65' title='bbox 926 1602 1011 1653; x_wconf 87' lang='lat' dir='ltr'><strong>ea</strong></span> <span class='ocrx_word' id='word_1_66' title='bbox 1049 1582 1311 1665; x_wconf 88' lang='lat' dir='ltr'><strong>omnia,</strong></span> <span class='ocrx_word' id='word_1_67' title='bbox 1368 1600 1555 1675; x_wconf 90' lang='lat' dir='ltr'><strong>quae</strong></span> <span class='ocrx_word' id='word_1_68' title='bbox 1594 1580 1742 1654; x_wconf 87' lang='lat' dir='ltr'><strong>iam</strong></span> <span class='ocrx_word' id='word_1_69' title='bbox 1799 1580 1892 1653; x_wconf 85' lang='lat' dir='ltr'><strong>ab</strong></span> <span class='ocrx_word' id='word_1_70' title='bbox 1945 1577 2404 1658; x_wconf 80' lang='lat' dir='ltr'><strong>annoDomi-</strong></span> 
     </span>
     <span class='ocr_line' id='line_1_11' title="bbox 276 1698 2400 1794; baseline 0.002 -24"><span class='ocrx_word' id='word_1_71' title='bbox 276 1702 351 1771; x_wconf 86' lang='lat' dir='ltr'><strong>ni</strong></span> <span class='ocrx_word' id='word_1_72' title='bbox 408 1698 781 1774; x_wconf 84' lang='lat' dir='ltr'><strong>millesimo</strong></span> <span class='ocrx_word' id='word_1_73' title='bbox 820 1700 1394 1792; x_wconf 76' lang='lat' dir='ltr'><strong>octingentesimo</strong></span> <span class='ocrx_word' id='word_1_74' title='bbox 1448 1702 1888 1791; x_wconf 75' lang='lat' dir='ltr'><strong>sexagesimo</strong></span> <span class='ocrx_word' id='word_1_75' title='bbox 1933 1699 2240 1775; x_wconf 83' lang='lat' dir='ltr'><strong>secundo</strong></span> <span class='ocrx_word' id='word_1_76' title='bbox 2279 1723 2400 1794; x_wconf 83' lang='lat' dir='ltr'><strong>per</strong></span> 
     </span>
     <span class='ocr_line' id='line_1_12' title="bbox 274 1816 2402 1915; baseline 0.001 -20"><span class='ocrx_word' id='word_1_77' title='bbox 274 1818 842 1895; x_wconf 74' lang='lat' dir='ltr'><strong>Conventionem</strong></span> <span class='ocrx_word' id='word_1_78' title='bbox 894 1822 983 1893; x_wconf 88' lang='lat' dir='ltr'><strong>ab</strong></span> <span class='ocrx_word' id='word_1_79' title='bbox 1036 1822 1191 1913; x_wconf 88' lang='lat' dir='ltr'><strong>ipso</strong></span> <span class='ocrx_word' id='word_1_80' title='bbox 1245 1818 1769 1915; x_wconf 84' lang='lat' dir='ltr'><strong>Aequatoriano</strong></span> <span class='ocrx_word' id='word_1_81' title='bbox 1823 1816 2178 1895; x_wconf 85' lang='lat' dir='ltr'><strong>Gubernio</strong></span> <span class='ocrx_word' id='word_1_82' title='bbox 2239 1844 2402 1898; x_wconf 82' lang='lat' dir='ltr'><strong>cum</strong></span> 
     </span>
     <span class='ocr_line' id='line_1_13' title="bbox 275 1938 2404 2034; baseline 0.002 -20"><span class='ocrx_word' id='word_1_83' title='bbox 275 1938 461 2014; x_wconf 83' lang='lat' dir='ltr'><strong>Sede</strong></span> <span class='ocrx_word' id='word_1_84' title='bbox 519 1939 923 2034; x_wconf 83' lang='lat' dir='ltr'><strong>Apostolica</strong></span> <span class='ocrx_word' id='word_1_85' title='bbox 978 1941 1221 2018; x_wconf 83' lang='lat' dir='ltr'><strong>initam</strong></span> <span class='ocrx_word' id='word_1_86' title='bbox 1255 1943 1535 2015; x_wconf 80' lang='lat' dir='ltr'><strong>firmata</strong></span> <span class='ocrx_word' id='word_1_87' title='bbox 1575 1953 1770 2027; x_wconf 83' lang='lat' dir='ltr'><strong>sunt,</strong></span> <span class='ocrx_word' id='word_1_88' title='bbox 1809 1942 2240 2033; x_wconf 70' lang='lat' dir='ltr'><strong>freligionem</strong></span> <span class='ocrx_word' id='word_1_89' title='bbox 2289 1966 2404 2017; x_wconf 84' lang='lat' dir='ltr'><strong>ea-</strong></span> 
     </span>
     <span class='ocr_line' id='line_1_14' title="bbox 276 2057 2402 2157; baseline 0.001 -22"><span class='ocrx_word' id='word_1_90' title='bbox 276 2062 611 2135; x_wconf 84' lang='lat' dir='ltr'><strong>tholicam</strong></span> <span class='ocrx_word' id='word_1_91' title='bbox 664 2057 1145 2153; x_wconf 82' lang='lat' dir='ltr'><strong>Apostolicam</strong></span> <span class='ocrx_word' id='word_1_92' title='bbox 1199 2058 1583 2135; x_wconf 77' lang='lat' dir='ltr'><strong>Romanam</strong></span> <span class='ocrx_word' id='word_1_93' title='bbox 1638 2074 1902 2136; x_wconf 84' lang='lat' dir='ltr'><strong>sartam</strong></span> <span class='ocrx_word' id='word_1_94' title='bbox 1926 2109 1948 2147; x_wconf 89' lang='lat'><strong>,</strong></span> <span class='ocrx_word' id='word_1_95' title='bbox 2007 2074 2402 2157; x_wconf 83' lang='lat' dir='ltr'><strong>tectamque</strong></span> 
     </span>
     <span class='ocr_line' id='line_1_15' title="bbox 277 2181 2402 2274; baseline -0.001 -19"><span class='ocrx_word' id='word_1_96' title='bbox 277 2202 571 2255; x_wconf 81' lang='lat' dir='ltr'><strong>servare</strong></span> <span class='ocrx_word' id='word_1_97' title='bbox 624 2204 709 2255; x_wconf 91' lang='lat' dir='ltr'><strong>ac</strong></span> <span class='ocrx_word' id='word_1_98' title='bbox 764 2181 942 2255; x_wconf 71' lang='lat' dir='ltr'><strong>tueri</strong></span> <span class='ocrx_word' id='word_1_99' title='bbox 998 2184 1090 2254; x_wconf 88' lang='lat' dir='ltr'><strong>iis</strong></span> <span class='ocrx_word' id='word_1_100' title='bbox 1142 2204 1303 2263; x_wconf 88' lang='lat' dir='ltr'><strong>cum</strong></span> <span class='ocrx_word' id='word_1_101' title='bbox 1370 2182 1642 2257; x_wconf 87' lang='lat' dir='ltr'><strong>iuribus</strong></span> <span class='ocrx_word' id='word_1_102' title='bbox 1707 2195 1780 2253; x_wconf 88' lang='lat' dir='ltr'><strong>et</strong></span> <span class='ocrx_word' id='word_1_103' title='bbox 1833 2183 2346 2274; x_wconf 74' lang='lat' dir='ltr'><strong>praerogativis</strong></span> <span class='ocrx_word' id='word_1_104' title='bbox 2365 2231 2402 2269; x_wconf 28' lang='grc' dir='ltr'><strong>κ,</strong></span> 
     </span>
     <span class='ocr_line' id='line_1_16' title="bbox 277 2298 2404 2396; baseline 0 -19"><span class='ocrx_word' id='word_1_105' title='bbox 277 2302 537 2396; x_wconf 85' lang='lat' dir='ltr'><strong>quibus</strong></span> <span class='ocrx_word' id='word_1_106' title='bbox 588 2324 681 2375; x_wconf 82' lang='lat' dir='ltr'><strong>ex</strong></span> <span class='ocrx_word' id='word_1_107' title='bbox 728 2298 862 2375; x_wconf 87' lang='lat' dir='ltr'><strong>Dei</strong></span> <span class='ocrx_word' id='word_1_108' title='bbox 918 2302 1359 2393; x_wconf 82' lang='lat' dir='ltr'><strong>ordinatione</strong></span> <span class='ocrx_word' id='word_1_109' title='bbox 1398 2316 1471 2376; x_wconf 86' lang='lat' dir='ltr'><strong>et</strong></span> <span class='ocrx_word' id='word_1_110' title='bbox 1508 2302 1597 2388; x_wconf 83' lang='lat' dir='ltr'><strong>ad</strong></span> <span class='ocrx_word' id='word_1_111' title='bbox 1640 2322 2002 2375; x_wconf 83' lang='lat' dir='ltr'><strong>sacrorum</strong></span> <span class='ocrx_word' id='word_1_112' title='bbox 2055 2322 2404 2379; x_wconf 87' lang='lat' dir='ltr'><strong>canonum</strong></span> 
     </span>
     <span class='ocr_line' id='line_1_17' title="bbox 276 2418 2400 2546; baseline 0.002 -53"><span class='ocrx_word' id='word_1_113' title='bbox 276 2442 599 2497; x_wconf 81' lang='lat' dir='ltr'><strong>normam</strong></span> <span class='ocrx_word' id='word_1_114' title='bbox 669 2434 877 2515; x_wconf 89' lang='lat' dir='ltr'><strong>atque</strong></span> <span class='ocrx_word' id='word_1_115' title='bbox 928 2418 1498 2515; x_wconf 78' lang='lat' dir='ltr'><strong>Apostolicarum</strong></span> <span class='ocrx_word' id='word_1_116' title='bbox 1580 2420 2150 2546; x_wconf 52' lang='lat' dir='ltr'><strong>constitutionum</strong></span> <span class='ocrx_word' id='word_1_117' title='bbox 2201 2425 2340 2497; x_wconf 75' lang='lat' dir='ltr'><strong>frui</strong></span> <span class='ocrx_word' id='word_1_118' title='bbox 2374 2472 2400 2511; x_wconf 88' lang='lat'><strong>,</strong></span> 
     </span>
     <span class='ocr_line' id='line_1_18' title="bbox 278 2540 2404 2637; baseline 0 -21"><span class='ocrx_word' id='word_1_119' title='bbox 278 2544 635 2635; x_wconf 80' lang='lat' dir='ltr'><strong>potirique</strong></span> <span class='ocrx_word' id='word_1_120' title='bbox 688 2543 923 2627; x_wconf 83' lang='lat' dir='ltr'><strong>debet,</strong></span> <span class='ocrx_word' id='word_1_121' title='bbox 978 2564 1275 2637; x_wconf 84' lang='lat' dir='ltr'><strong>eamque</strong></span> <span class='ocrx_word' id='word_1_122' title='bbox 1332 2564 1459 2637; x_wconf 88' lang='lat' dir='ltr'><strong>pro</strong></span> <span class='ocrx_word' id='word_1_123' title='bbox 1524 2540 1798 2615; x_wconf 84' lang='lat' dir='ltr'><strong>viribus</strong></span> <span class='ocrx_word' id='word_1_124' title='bbox 1863 2548 2276 2635; x_wconf 73' lang='lat' dir='ltr'><strong>promovere</strong></span> <span class='ocrx_word' id='word_1_125' title='bbox 2331 2556 2404 2617; x_wconf 84' lang='lat' dir='ltr'><strong>et</strong></span> 
     </span>
     <span class='ocr_line' id='line_1_19' title="bbox 280 2659 2402 2759; baseline -0.001 -21"><span class='ocrx_word' id='word_1_126' title='bbox 280 2685 543 2756; x_wconf 78' lang='lat' dir='ltr'><strong>augere</strong></span> <span class='ocrx_word' id='word_1_127' title='bbox 632 2675 837 2740; x_wconf 79' lang='lat' dir='ltr'><strong>curet</strong></span> <span class='ocrx_word' id='word_1_128' title='bbox 872 2687 899 2752; x_wconf 76' lang='lat'>3</span> <span class='ocrx_word' id='word_1_129' title='bbox 991 2660 1345 2759; x_wconf 83' lang='lat' dir='ltr'><strong>Synodum</strong></span> <span class='ocrx_word' id='word_1_130' title='bbox 1446 2666 1734 2758; x_wconf 82' lang='lat' dir='ltr'><strong>insuper</strong></span> <span class='ocrx_word' id='word_1_131' title='bbox 1825 2659 2328 2752; x_wconf 85' lang='lat' dir='ltr'><strong>Dioecesanam</strong></span> <span class='ocrx_word' id='word_1_132' title='bbox 2377 2714 2402 2749; x_wconf 86' lang='lat'><strong><em>‚</em></strong></span> 
     </span>
     <span class='ocr_line' id='line_1_20' title="bbox 278 2781 2408 2878; baseline -0.001 -19"><span class='ocrx_word' id='word_1_133' title='bbox 278 2806 449 2859; x_wconf 89' lang='lat' dir='ltr'><strong>cum</strong></span> <span class='ocrx_word' id='word_1_134' title='bbox 504 2787 575 2856; x_wconf 88' lang='lat' dir='ltr'><strong>in</strong></span> <span class='ocrx_word' id='word_1_135' title='bbox 627 2781 931 2860; x_wconf 86' lang='lat' dir='ltr'><strong>Domino</strong></span> <span class='ocrx_word' id='word_1_136' title='bbox 997 2787 1395 2878; x_wconf 82' lang='lat' dir='ltr'><strong>respective</strong></span> <span class='ocrx_word' id='word_1_137' title='bbox 1450 2782 1901 2867; x_wconf 82' lang='lat' dir='ltr'><strong>iudicaverit,</strong></span> <span class='ocrx_word' id='word_1_138' title='bbox 1960 2805 2408 2874; x_wconf 83' lang='lat' dir='ltr'><strong>convocare;</strong></span> 
     </span>
     <span class='ocr_line' id='line_1_21' title="bbox 278 2901 2410 2998; baseline 0.001 -20"><span class='ocrx_word' id='word_1_139' title='bbox 278 2927 441 2980; x_wconf 86' lang='lat' dir='ltr'><strong>cum</strong></span> <span class='ocrx_word' id='word_1_140' title='bbox 495 2927 623 2979; x_wconf 86' lang='lat' dir='ltr'><strong>suo</strong></span> <span class='ocrx_word' id='word_1_141' title='bbox 674 2907 866 2978; x_wconf 85' lang='lat' dir='ltr'><strong>clero</strong></span> <span class='ocrx_word' id='word_1_142' title='bbox 900 2916 973 2978; x_wconf 87' lang='lat' dir='ltr'><strong>et</strong></span> <span class='ocrx_word' id='word_1_143' title='bbox 1012 2907 1271 2998; x_wconf 83' lang='lat' dir='ltr'><strong>populo</strong></span> <span class='ocrx_word' id='word_1_144' title='bbox 1326 2906 1551 2979; x_wconf 85' lang='lat' dir='ltr'><strong>libere</strong></span> <span class='ocrx_word' id='word_1_145' title='bbox 1604 2907 2158 2995; x_wconf 69' lang='lat' dir='ltr'><strong>communicat-&lt;33</strong></span> <span class='ocrx_word' id='word_1_146' title='bbox 2200 2901 2410 2980; x_wconf 81' lang='lat' dir='ltr'><strong>Dice-</strong></span> 
     </span>
     <span class='ocr_line' id='line_1_22' title="bbox 278 3024 2406 3126; baseline 0 -26"><span class='ocrx_word' id='word_1_147' title='bbox 278 3026 498 3102; x_wconf 86' lang='lat' dir='ltr'><strong>cesim</strong></span> <span class='ocrx_word' id='word_1_148' title='bbox 552 3047 755 3100; x_wconf 82' lang='lat' dir='ltr'><strong>suam</strong></span> <span class='ocrx_word' id='word_1_149' title='bbox 810 3024 1153 3114; x_wconf 81' lang='lat' dir='ltr'><strong>visitare3</strong></span> <span class='ocrx_word' id='word_1_150' title='bbox 1236 3025 1736 3126; x_wconf 74' lang='lat' dir='ltr'><strong>instructiones</strong></span> <span class='ocrx_word' id='word_1_151' title='bbox 1802 3038 1876 3098; x_wconf 90' lang='lat' dir='ltr'><strong>et</strong></span> <span class='ocrx_word' id='word_1_152' title='bbox 1930 3027 2406 3102; x_wconf 73' lang='lat' dir='ltr'><strong>ordinationes</strong></span> 
     </span>
     <span class='ocr_line' id='line_1_23' title="bbox 278 3141 2406 3242; baseline 0 -22"><span class='ocrx_word' id='word_1_153' title='bbox 278 3169 413 3242; x_wconf 88' lang='lat' dir='ltr'><strong>pro</strong></span> <span class='ocrx_word' id='word_1_154' title='bbox 450 3168 575 3220; x_wconf 86' lang='lat' dir='ltr'><strong>sua</strong></span> <span class='ocrx_word' id='word_1_155' title='bbox 613 3141 937 3219; x_wconf 85' lang='lat' dir='ltr'><strong>Dioecesi</strong></span> <span class='ocrx_word' id='word_1_156' title='bbox 997 3147 1413 3239; x_wconf 79' lang='lat' dir='ltr'><strong>publicare3</strong></span> <span class='ocrx_word' id='word_1_157' title='bbox 1466 3157 1981 3223; x_wconf 82' lang='lat' dir='ltr'><strong>sacramentum</strong></span> <span class='ocrx_word' id='word_1_158' title='bbox 2035 3145 2406 3220; x_wconf 82' lang='lat' dir='ltr'><strong>confirma-</strong></span> 
     </span>
     <span class='ocr_line' id='line_1_24' title="bbox 281 3260 2410 3361; baseline 0 -21"><span class='ocrx_word' id='word_1_159' title='bbox 281 3267 502 3342; x_wconf 79' lang='lat' dir='ltr'><strong>tionis</strong></span> <span class='ocrx_word' id='word_1_160' title='bbox 550 3267 979 3354; x_wconf 80' lang='lat' dir='ltr'><strong>ministrare3</strong></span> <span class='ocrx_word' id='word_1_161' title='bbox 1016 3260 1509 3340; x_wconf 75' lang='lat' dir='ltr'><strong>Ordinationes</strong></span> <span class='ocrx_word' id='word_1_162' title='bbox 1565 3287 1926 3361; x_wconf 75' lang='lat' dir='ltr'><strong>peragere,</strong></span> <span class='ocrx_word' id='word_1_163' title='bbox 1964 3262 2410 3360; x_wconf 73' lang='lat' dir='ltr'><strong>Pontificalia</strong></span> 
     </span>
     <span class='ocr_line' id='line_1_25' title="bbox 280 3388 2411 3483; baseline -0.001 -21"><span class='ocrx_word' id='word_1_164' title='bbox 280 3388 575 3462; x_wconf 85' lang='lat' dir='ltr'><strong>statutis</strong></span> <span class='ocrx_word' id='word_1_165' title='bbox 628 3389 1034 3480; x_wconf 85' lang='lat' dir='ltr'><strong>praesertim</strong></span> <span class='ocrx_word' id='word_1_166' title='bbox 1115 3388 1542 3483; x_wconf 77' lang='lat' dir='ltr'><strong>temporibus</strong></span> <span class='ocrx_word' id='word_1_167' title='bbox 1608 3408 1943 3460; x_wconf 80' lang='lat' dir='ltr'><strong>exercere</strong></span> <span class='ocrx_word' id='word_1_168' title='bbox 1967 3436 1989 3472; x_wconf 87' lang='lat'>,</span> <span class='ocrx_word' id='word_1_169' title='bbox 2045 3400 2411 3481; x_wconf 82' lang='lat' dir='ltr'><strong>ceteraque</strong></span> 
     </span>
     <span class='ocr_line' id='line_1_26' title="bbox 280 3484 2412 3602; baseline -0.001 -20"><span class='ocrx_word' id='word_1_170' title='bbox 280 3509 663 3602; x_wconf 77' lang='lat' dir='ltr'><strong>pastoralia</strong></span> <span class='ocrx_word' id='word_1_171' title='bbox 716 3506 947 3583; x_wconf 88' lang='lat' dir='ltr'><strong>munia</strong></span> <span class='ocrx_word' id='word_1_172' title='bbox 1004 3509 1197 3582; x_wconf 78' lang='lat' dir='ltr'><strong>obire</strong></span> <span class='ocrx_word' id='word_1_173' title='bbox 1255 3519 1609 3583; x_wconf 86' lang='lat' dir='ltr'><strong>teneatur.</strong></span> <span class='ocrx_word' id='word_1_174' title='bbox 2399 3484 2412 3502; x_wconf 73' lang='grc'><strong>’</strong></span> 
     </span>
    </p>

    <p class='ocr_par' dir='ltr' id='par_1_3' title="bbox 282 3626 2418 4462">
     <span class='ocr_line' id='line_1_27' title="bbox 414 3626 2412 3724; baseline 0.002 -20"><span class='ocrx_word' id='word_1_175' title='bbox 414 3709 419 3717; x_wconf 70' lang='grc'><strong>,</strong></span> <span class='ocrx_word' id='word_1_176' title='bbox 500 3626 931 3724; x_wconf 83' lang='lat' dir='ltr'><strong>Cuicumque</strong></span> <span class='ocrx_word' id='word_1_177' title='bbox 986 3651 1157 3704; x_wconf 85' lang='lat' dir='ltr'><strong>vero</strong></span> <span class='ocrx_word' id='word_1_178' title='bbox 1194 3630 1478 3716; x_wconf 69' lang='lat' dir='ltr'><strong>noviter</strong></span> <span class='ocrx_word' id='word_1_179' title='bbox 1538 3630 1639 3702; x_wconf 88' lang='lat' dir='ltr'><strong>sic</strong></span> <span class='ocrx_word' id='word_1_180' title='bbox 1699 3641 1978 3702; x_wconf 80' lang='lat' dir='ltr'><strong>erectae</strong></span> <span class='ocrx_word' id='word_1_181' title='bbox 2015 3643 2086 3704; x_wconf 90' lang='lat' dir='ltr'><strong>et</strong></span> <span class='ocrx_word' id='word_1_182' title='bbox 2141 3631 2412 3714; x_wconf 74' lang='lat' dir='ltr'><strong>consti-</strong></span> 
     </span>
     <span class='ocr_line' id='line_1_28' title="bbox 282 3745 2418 3845; baseline -0.001 -19"><span class='ocrx_word' id='word_1_183' title='bbox 282 3764 479 3826; x_wconf 83' lang='lat' dir='ltr'><strong>tutae</strong></span> <span class='ocrx_word' id='word_1_184' title='bbox 536 3746 795 3824; x_wconf 82' lang='lat' dir='ltr'><strong>Portus</strong></span> <span class='ocrx_word' id='word_1_185' title='bbox 827 3745 1107 3824; x_wconf 79' lang='lat' dir='ltr'><strong>Veteris</strong></span> <span class='ocrx_word' id='word_1_186' title='bbox 1145 3745 1505 3826; x_wconf 89' lang='lat' dir='ltr'><strong>Dioecesis</strong></span> <span class='ocrx_word' id='word_1_187' title='bbox 1543 3747 1870 3824; x_wconf 85' lang='lat' dir='ltr'><strong>Antistiti</strong></span> <span class='ocrx_word' id='word_1_188' title='bbox 1911 3773 2036 3844; x_wconf 84' lang='lat' dir='ltr'><strong>pro</strong></span> <span class='ocrx_word' id='word_1_189' title='bbox 2092 3763 2418 3845; x_wconf 74' lang='lat' dir='ltr'><strong>tempore.</strong></span> 
     </span>
     <span class='ocr_line' id='line_1_29' title="bbox 282 3871 2414 3976; baseline 0 -31"><span class='ocrx_word' id='word_1_190' title='bbox 282 3873 613 3946; x_wconf 81' lang='lat' dir='ltr'><strong>existenti</strong></span> <span class='ocrx_word' id='word_1_191' title='bbox 667 3871 961 3944; x_wconf 83' lang='lat' dir='ltr'><strong>liberam</strong></span> <span class='ocrx_word' id='word_1_192' title='bbox 1016 3872 1231 3946; x_wconf 84' lang='lat' dir='ltr'><strong>etiam</strong></span> <span class='ocrx_word' id='word_1_193' title='bbox 1288 3873 1694 3976; x_wconf 77' lang='lat' dir='ltr'><strong>facultatem</strong></span> <span class='ocrx_word' id='word_1_194' title='bbox 1741 3883 1814 3944; x_wconf 83' lang='lat' dir='ltr'><strong>et</strong></span> <span class='ocrx_word' id='word_1_195' title='bbox 1853 3882 2272 3965; x_wconf 84' lang='lat' dir='ltr'><strong>potestatem</strong></span> <span class='ocrx_word' id='word_1_196' title='bbox 2309 3872 2414 3946; x_wconf 74' lang='lat' dir='ltr'><strong>fa-</strong></span> 
     </span>
     <span class='ocr_line' id='line_1_30' title="bbox 286 3993 2410 4086; baseline -0.001 -17"><span class='ocrx_word' id='word_1_197' title='bbox 286 3997 780 4085; x_wconf 65' lang='lat' dir='ltr'><strong>cimnaatque</strong></span> <span class='ocrx_word' id='word_1_198' title='bbox 839 3994 1235 4076; x_wconf 86' lang='lat' dir='ltr'><strong>tribuimus,</strong></span> <span class='ocrx_word' id='word_1_199' title='bbox 1278 3995 1668 4086; x_wconf 82' lang='lat' dir='ltr'><strong>ut-quoties</strong></span> <span class='ocrx_word' id='word_1_200' title='bbox 1723 4016 1848 4085; x_wconf 83' lang='lat' dir='ltr'><strong>pro</strong></span> <span class='ocrx_word' id='word_1_201' title='bbox 1903 3993 2171 4081; x_wconf 78' lang='lat' dir='ltr'><strong>meliori</strong></span> <span class='ocrx_word' id='word_1_202' title='bbox 2217 3995 2410 4066; x_wconf 81' lang='lat' dir='ltr'><strong>chr-i-</strong></span> 
     </span>
     <span class='ocr_line' id='line_1_31' title="bbox 284 4109 2412 4204; baseline 0.001 -18"><span class='ocrx_word' id='word_1_203' title='bbox 284 4113 699 4190; x_wconf 75' lang='lat' dir='ltr'><strong>stifidelium</strong></span> <span class='ocrx_word' id='word_1_204' title='bbox 738 4112 1181 4189; x_wconf 85' lang='lat' dir='ltr'><strong>institutione</strong></span> <span class='ocrx_word' id='word_1_205' title='bbox 1220 4126 1289 4186; x_wconf 87' lang='lat' dir='ltr'><strong>et</strong></span> <span class='ocrx_word' id='word_1_206' title='bbox 1326 4114 1631 4204; x_wconf 72' lang='lat' dir='ltr'><strong>,utilitate</strong></span> <span class='ocrx_word' id='word_1_207' title='bbox 1675 4137 1894 4191; x_wconf 87' lang='lat' dir='ltr'><strong>novas</strong></span> <span class='ocrx_word' id='word_1_208' title='bbox 1936 4117 2011 4189; x_wconf 86' lang='lat' dir='ltr'><strong>in</strong></span> <span class='ocrx_word' id='word_1_209' title='bbox 2039 4135 2164 4191; x_wconf 83' lang='lat' dir='ltr'><strong>sua</strong></span> <span class='ocrx_word' id='word_1_210' title='bbox 2201 4109 2412 4188; x_wconf 76' lang='lat' dir='ltr'><strong>nioe-</strong></span> 
     </span>
     <span class='ocr_line' id='line_1_32' title="bbox 288 4234 2414 4328; baseline 0.001 -20"><span class='ocrx_word' id='word_1_211' title='bbox 288 4235 433 4308; x_wconf 86' lang='lat' dir='ltr'><strong>cesi</strong></span> <span class='ocrx_word' id='word_1_212' title='bbox 492 4236 853 4328; x_wconf 82' lang='lat' dir='ltr'><strong>paroecias</strong></span> <span class='ocrx_word' id='word_1_213' title='bbox 910 4235 1281 4308; x_wconf 78' lang='lat' dir='ltr'><strong>instituere</strong></span> <span class='ocrx_word' id='word_1_214' title='bbox 1317 4281 1337 4318; x_wconf 93' lang='lat'>,</span> <span class='ocrx_word' id='word_1_215' title='bbox 1400 4235 1535 4309; x_wconf 85' lang='lat' dir='ltr'><strong>vel·</strong></span> <span class='ocrx_word' id='word_1_216' title='bbox 1572 4237 1713 4308; x_wconf 87' lang='lat' dir='ltr'><strong>iam</strong></span> <span class='ocrx_word' id='word_1_217' title='bbox 1759 4234 1930 4307; x_wconf 84' lang='lat' dir='ltr'><strong>inibi</strong></span> <span class='ocrx_word' id='word_1_218' title='bbox 1987 4236 2414 4324; x_wconf 68' lang='lat' dir='ltr'><strong>constitutas</strong></span> 
     </span>
     <span class='ocr_line' id='line_1_33' title="bbox 286 4336 2414 4462; baseline 0 -28"><span class='ocrx_word' id='word_1_219' title='bbox 286 4353 867 4439; x_wconf 72' lang='lat' dir='ltr'><strong>circumscribere</strong></span> <span class='ocrx_word' id='word_1_220' title='bbox 950 4336 1355 4462; x_wconf 68' lang='lat' dir='ltr'><strong>censuerit,</strong></span> <span class='ocrx_word' id='word_1_221' title='bbox 1422 4357 1652 4434; x_wconf 82' lang='lat' dir='ltr'><strong>omnia</strong></span> <span class='ocrx_word' id='word_1_222' title='bbox 1707 4358 1902 4445; x_wconf 86' lang='lat' dir='ltr'><strong>baec,</strong></span> <span class='ocrx_word' id='word_1_223' title='bbox 1956 4358 2148 4445; x_wconf 79' lang='lat' dir='ltr'><strong>initis</strong></span> <span class='ocrx_word' id='word_1_224' title='bbox 2211 4360 2414 4451; x_wconf 65' lang='lat' dir='ltr'><strong>priua</strong></span> 
     </span>
    </p>
   </div>
   <div class='ocr_carea' id='block_1_3' title="bbox 1840 4481 1979 4570">
    <p class='ocr_par' dir='ltr' id='par_1_4' title="bbox 1840 4481 1979 4570">
     <span class='ocr_line' id='line_1_34' title="bbox 1840 4481 1979 4570; baseline 0.014 -2"><span class='ocrx_word' id='word_1_225' title='bbox 1840 4481 1979 4570; x_wconf 75' lang='lat'><strong>11*</strong></span> 
     </span>
    </p>
   </div>
  </div>
 </body>
</html>
