3292 5275
2230 472 2386 553 287

270 622 499 693 tribus
553 616 927 689 Societatis
986 616 1139 691 lesu
1194 618 1504 690 exordiri
1584 617 1772 687 velle
1836 614 2194 688 videntur.
2255 610 2392 687 Cui

266 739 547 833 quidem
606 738 899 812 facinori
938 749 1019 811 ut
1056 738 1246 811 viam
1284 736 1419 809 sibi
1462 748 1805 819 sternant,
1846 734 2183 807 invidiam
2221 733 2392 828 ipsis

268 860 575 932 conflare
632 860 959 931 nituntur
1023 859 1209 952 apud
1266 858 1631 951 populum,
1689 876 1948 948 eosque
2020 854 2394 927 simultatis

272 989 608 1052 accusant
664 1000 825 1049 cutn
880 979 1237 1069 praesenti
1279 976 1646 1067 regimine,
1687 995 1771 1046 ac
1806 974 2246 1065 potissimum
2285 976 2400 1044 in-

272 1098 609 1171 simulant
665 1098 821 1169 eius
880 1098 1244 1190 potentiae
1301 1096 1487 1187 apud
1542 1090 1685 1166 Nos
1739 1104 1814 1166 et
1868 1091 2157 1184 gratiae,
2214 1113 2397 1187 quae

272 1214 419 1290 Nos
476 1218 705 1290 eidem
760 1216 1080 1307 regimini
1116 1216 1325 1290 faciat
1360 1213 1796 1298 infensioreS,
1833 1234 2110 1309 quaque
2145 1212 2246 1285 sic
2281 1234 2404 1285 oc-

275 1358 642 1432 cupemur,
680 1348 761 1407 ut
796 1336 1583 1409 nonnisi-suadentibus
1632 1336 1830 1429 ipsiS‚
1867 1334 2211 1428 quidquid
2249 1336 2400 1426 agi-

275 1480 431 1532 mus
488 1455 949 1551 perficiamus.
1016 1451 1211 1544 Quae
1268 1458 1485 1530 stulta
1542 1453 1922 1540 calumnia,
1961 1458 2021 1527 si
2077 1456 2152 1527 in
2209 1476 2402 1528 sum-

278 1600 479 1652 mum
534 1577 761 1669 vergit
816 1588 1293 1671 contemptum
1349 1572 1714 1656 Nostrum,
1751 1577 1874 1670 qui
1928 1598 2216 1670 prorsus
2268 1577 2402 1649 be-

280 1700 483 1771 betes
520 1698 843 1771 ducimur
878 1710 951 1772 et
1004 1700 1223 1790 inepti
1249 1694 1258 1702 ’
1282 1700 1696 1789 cuicumque
1738 1698 2050 1770 ineundo
2085 1697 2404 1781 consilio,

284 1820 589 1893 absurda
679 1840 966 1912 prorsus
1048 1817 1432 1903 evincitur,
1488 1839 1654 1890 cum
1727 1821 2060 1891 noverint
2135 1840 2405 1909 omneS,

282 1936 683 2014 Romanum
749 1935 1187 2023 Pontificem,
1244 1939 1491 2012 divino
1554 1940 1934 2030 implorato
2009 1942 2278 2014 lumine
2331 1952 2406 2014 et

284 2062 563 2147 auxilio,
601 2060 667 2131 id
708 2062 935 2132 facere
973 2072 1045 2133 et
1082 2060 1513 2153 praecipere,
1572 2060 1754 2153 quod
1812 2072 2082 2133 rectum
2119 2074 2193 2133 et
2227 2063 2404 2135 utile

288 2182 705 2256 iudicaverit
787 2176 1193 2253 Ecclesiae:
1252 2182 1326 2251 in
1380 2180 1820 2273 gravioribus
1877 2202 2052 2257 vero
2108 2180 2405 2273 negotiis

288 2324 539 2375 eorum
593 2324 801 2394 opera
856 2302 959 2371 uti
1018 2298 1495 2383 consuevisse,
1554 2301 1872 2374 cuiusvis
1926 2300 2206 2375 demum
2268 2302 2406 2375 sint

290 2424 569 2515 gradus,
626 2434 747 2495 aut
800 2420 1254 2506 conditionis),
1298 2432 1419 2494 aut
1472 2415 1840 2513 Regularis
1877 2416 2189 2507 Ordinis),
2228 2442 2406 2515 quos

290 2546 659 2625 materiae,
704 2544 789 2617 de
820 2564 965 2636 qua
1020 2544 1273 2633 agitur,
1312 2542 1710 2635 peritiores,
1749 2541 2160 2614 sententiam
2205 2562 2408 2616 suam

290 2666 683 2760 sapientius
740 2685 821 2737 ac
879 2665 1288 2760 prudentius
1346 2665 1658 2758 proferre
1737 2685 1940 2756 posse
1996 2663 2402 2738 arbitratur.

292 2781 627 2859 Profecto
693 2782 941 2857 Patres
994 2786 1213 2856 etiam
1265 2805 1305 2857 e
1360 2781 1708 2858 Societate
1761 2781 1936 2857 Jesu
2009 2785 2189 2857 haud
2253 2807 2410 2858 raro

294 2909 738 2989 adhibemus,
796 2917 867 2978 et
920 2906 1121 2978 varia
1176 2927 1495 2992 munera,
1544 2928 1625 2978 ac
1680 2905 1850 2977 illud
1907 2906 2242 3001 imprimis
2299 2929 2412 2982 sa·

296 3031 402 3102 cri
444 3029 823 3100 ministerii
864 3025 963 3099 eis
998 3028 1527 3111 committimus„
1568 3026 1690 3122 qui
1727 3029 1802 3098 in
1838 3028 2032 3100 hisce
2070 3029 2412 3103 obeundis

304 3150 671 3242 probatius
721 3169 995 3242 semper
1030 3143 1245 3220 Nobis
1283 3150 1549 3220 faciunt
1602 3148 1916 3222 studium
1963 3147 2137 3221 illud
2192 3159 2262 3220 et
2297 3170 2416 3222 ze-

300 3273 477 3355 lum,
517 3291 818 3365 quorum
874 3268 1092 3360 gratia
1138 3270 1419 3342 crebras
1456 3281 1527 3342 et
1566 3269 2036 3361 amplissimas
2073 3289 2113 3341 a
2153 3263 2415 3342 Deces-

302 3390 579 3465 soribus
614 3385 889 3463 Nostris
936 3402 1473 3484 promeruerunt
1525 3390 1794 3463 laudes.
1837 3384 2097 3461 Verum
2137 3391 2415 3485 aequis·

304 3513 487 3584 sima
545 3514 679 3583 ista
756 3511 1029 3584 dilectio
1105 3508 1356 3583 Nostra
1410 3522 1484 3583 et
1536 3509 1956 3583 existimatio
2009 3507 2411 3596 Societatis,

256 3663 265 3672 ·
302 3633 581 3723 egregie
628 3653 901 3726 semper
954 3632 1042 3703 de
1078 3625 1395 3704 Ecclesia
1432 3627 1722 3715 Christi,
1763 3653 1846 3703 ac
1909 3627 2171 3704 Sancta
2207 3627 2412 3717 Sede,

304 3763 377 3826 et
431 3752 802 3826 christiano
860 3754 1119 3846 populo
1176 3755 1494 3838 meritae,
1553 3755 1756 3844 longe
1821 3753 2018 3825 abest
2072 3774 2114 3824 a
2169 3749 2414 3826 servili

304 3875 421 3946 illo
480 3876 836 3970 obsequio,
892 3875 1079 3969 quod
1117 3875 1746 3947 comminiscuntur
1809 3873 2024 3970 ipsius
2075 3873 2419 3947 obtrecta-

308 4006 491 4068 tores
511 4015 538 4082 3
574 4015 870 4089 quorum
908 3997 1333 4068 calumniam
1372 4015 1414 4068 a
1451 3989 1667 4067 Nobis
1703 4006 1774 4067 ot
1810 4015 1850 4066 a
1889 3994 2192 4067 demissa
2231 3995 2420 4088 opti-

304 4135 583 4188 morum
636 4113 927 4190 Patrum
978 4117 1349 4190 devotione
1404 4116 1854 4207 indignanter
1907 4115 2412 4207 propulsamus,

306 4229 501 4308 Haec
564 4259 733 4312 vero
808 4233 969 4310 Tibi
1046 4233 1496 4330 significanda
1570 4237 1921 4324 dammim,
1978 4231 2417 4310 Venerabilis

308 4353 561 4434 Frater
594 4353 871 4447 Noster,
910 4369 993 4438 ut
1030 4371 1102 4436 et
1138 4361 1435 4440 insidiae
1491 4356 1828 4438 Societati
1866 4371 2174 4440 structae
2230 4379 2420 4440 com·
