3292 5275
913 483 1078 566 258

916 625 1270 700 siasticum
1297 631 1767 703 ministerium
1794 633 2139 706 saeculari
2170 633 2633 706 dominationi
2662 633 3019 708 subiicien

921 761 1018 820 tea
1064 749 1144 819 let
1201 745 1494 823 omnino·
1537 753 2080 839 schismaticae3
2131 773 2309 846 quas
2363 751 2684 845 proinde,
2740 775 3061 850 eamque

915 869 1328 956 nominatim
1360 869 1400 953 ‚‘
1441 891 1618 964 quae
1695 869 1839 945 la'ta
1902 885 2011 945 est
2062 895 2103 945 a
2156 871 2519 948 Gubernio
2574 871 3059 950 Salodurensi

917 991 1030 1062 die
1060 982 1164 1064 23
1194 987 1596 1066 Decembris
1650 1013 1837 1068 anno
1882 988 2111 1080 1872,
2150 1000 2603 1089 reprobamus
2640 1009 2713 1068 et
2750 997 3063 1070 damna-

915 1113 1096 1203 n'mS,
1151 1131 1224 1191 et
1276 1130 1632 1213 tamquam
1692 1121 2097 1210 reprobatas
2150 1132 2224 1191 et
2278 1113 2643 1193 damnatas
2696 1135 3059 1213 perpetuo

916 1244 1268 1314 habendas
1295 1229 1758 1315 decernimus.
1790 1242 2024 1330 Quum
2056 1261 2265 1333 porro
2294 1237 2468 1313 Ven.
2514 1239 2767 1314 Frater
2803 1243 3061 1337 Euge-

919 1355 1500 1456 nfiusEpiscopas
1533 1360 1961 1436 Basileen-sis
1999 1362 2180 1435 iusta
2222 1365 2705 1454 indignatione
2742 1377 2819 1438 et
2848 1363 3059 1458 Apo-

915 1487 1164 1557 stolica
1193 1486 1583 1556 constantia
1616 1485 1974 1556 reiecisset
2004 1487 2343 1560 articulos
2380 1485 2717 1578 quosdam
2756 1489 2831 1558 in
2872 1509 3058 1562 cou-

917 1607 1247 1678 ciliabulo
1301 1624 1423 1678 sau
1480 1594 1939 1703 conferentia,
1998 1616 2079 1678 ut
2132 1610 2381 1692 aiunt,
2438 1603 2899 1696 dioecesana,
2958 1611 3053 1682 ad

911 1741 1120 1820 qaam
1175 1723 2011 1820 convenerant-Delegati
2068 1729 2373 1821 quinque
2418 1718 2767 1819 Pagorum
2824 1751 3052 1823 supra

913 1837 1284 1937 dictorum,
1339 1837 1797 1934 constituto'sf
1842 1853 2113 1945 sibique
2168 1838 2697 1945 propositoS‚'et
2750 1858 3051 1927 omnino

915 1969 1391 2046 necessariam
1441 1959 1731 2044 haberet
1788 1972 2147 2044 reiiciendi
2185 1987 2490 2056 causam,
2520 1974 2712 2066 quod
2753 1978 3053 2067 episco-

916 2079 1144 2190 palem
1199 2095 1681 2167 auctoritatem
1740 2079 2463 2184 laederent,'regimen
2518 2095 3045 2167 hierarchicum

913 2219 1454 2300 subverterent,
1511 2227 1582 2286 et
1647 2215 1918 2288 haeresi
1996 2215 2315 2288 faverent
2368 2226 2670 2306 aperte3
2729 2215 2825 2289 ob
2882 2237 3043 2289 eam

914 2360 1062 2413 rem
1120 2341 1203 2409 ab
1259 2333 1686 2431 Episcopatu
1744 2335 2076 2423 deiectus,
2116 2358 2155 2408 a
2210 2337 2356 2408 suis
2414 2337 2708 2410 aedibus
2766 2341 3053 2411 abstra-

911 2455 1098 2547 ctus,‘
1127 2470 1200 2530 et
1255 2461 1328 2530 in
1383 2459 1675 2531 exilium
1716 2459 2063 2530 violenter
2098 2466 2293 2528 actus
2332 2457 2491 2530 fuit.
2537 2453 2721 2529 Tum
2764 2461 3047 2533 nullum

912 2559 1172 2653 fraudis
1230 2590 1355 2653 aut
1411 2557 1798 2651 vexationis
1838 2599 2053 2673 genus
2092 2580 2467 2661 omissum,
2500 2585 2575 2648 ut
2616 2577 2689 2650 in
2728 2580 3045 2675 quinque

913 2684 1544 2795 Pagis'praedictis
1599 2702 1833 2771 clerus
1888 2712 1963 2772 et
2018 2698 2323 2792 populus
2378 2702 2447 2770 in
2488 2700 2791 2771 schisma
2835 2702 3051 2777 indu-

912 2835 1236 2896 ceretur:
1277 2822 1721 2894 interdictum
1760 2822 1949 2892 clero
1990 2842 2028 2891 a
2066 2820 2385 2913 quolibet
2426 2824 2849 2895 commercio
2886 2848 3049 2895 cum

909 2942 1200 3017 Pastore
1255 2936 1582 3015 exulante
1615 2994 1634 3028 ,
1692 2942 2105 3035 iussumque
2162 2942 2399 3015 datum
2455 2943 2844 3014 cathedrali
2900 2940 3053 3017 Ca-

911 3066 1136 3157 pitulo
1173 3062 1578 3146 Basileensi,
1612 3074 1693 3135 ut
1731 3062 1811 3133 ad
1850 3064 2271 3135 electionem
2306 3058 2566 3135 vicarii
2604 3060 3053 3155 capitularis

911 3186 1026 3256 vel
1075 3180 1680 3257 Administratoris
1738 3186 2171 3268 conveniret,
2211 3182 2497 3275 perinde
2550 3204 2630 3253 ac
2686 3182 2745 3255 si
2806 3179 3047 3257 Sedes

903 3308 1324 3402 episcopalis
1379 3315 2021 3397 reapsevacaret3
2078 3304 2266 3398 quod
2332 3306 2608 3377 facinus
2672 3306 3055 3399 indignum

903 3437 1196 3500 strenue
1225 3422 1628 3518 Capitulum
1667 3428 1857 3497 edita
1914 3426 2426 3517 protestatione
2488 3424 2579 3497 ab
2640 3446 2717 3497 se
2774 3429 3057 3499 reiecit.

901 3542 1200 3619 {nterim
1256 3548 1536 3618 decreto
1591 3554 1664 3617 et
1720 3540 2661 3636 sententia-Magistratuum
2728 3548 3057 3621 civilium

901 3644 1367 3741 bernensium
1423 3649 1679 3738 novem
1732 3676 1801 3737 et
1860 3668 2219 3760 sexaginta
2289 3668 2617 3757 parochis
2696 3660 3057 3741 territorii

905 3788 1218 3862 ihrensis
1275 3792 1500 3882 primo
1555 3770 1907 3861 indictum
1963 3798 2069 3859 est
2124 3806 2211 3859 ne
2268 3786 2644 3859 ministerii
2702 3786 2813 3862 sui
2890 3789 3063 3861 fun-

901 3908 1172 3981 ctiones
1227 3889 1528 3995 obirent,
1585 3910 1747 3980 dein
1804 3930 1977 3983 vero
2036 3907 2426 3980 abdicatum
2494 3906 2855 3991 officium,
2910 3910 3059 3981 hac

903 4047 1050 4103 una
1109 4030 1196 4102 de
1253 4052 1466 4102 causa
1523 4030 1711 4122 quod
1771 4030 2000 4120 palam
2056 4030 2298 4100 testati
2352 4039 2617 4112 essent,
2658 4050 2819 4100 sese
2874 4030 3067 4119 legi·-

899 4150 1151 4223 timum
1180 4146 1628 4242 Episcopum
1670 4162 1753 4219 et
1806 4146 2177 4221 Pastorem
2212 4144 2387 4220 Ven.
2422 4144 2745 4220 Fratrem
2784 4144 3063 4238 Euge-

905 4272 1102 4344 nium
1140 4272 1342 4346 unice
1383 4289 1797 4360 agnoscere,
1842 4290 1969 4341 seu
2030 4273 2216 4343 nolle
2276 4291 2349 4342 se
2411 4272 2713 4362 turpiter
2752 4270 2840 4341 ab
2879 4270 3067 4341 uni-

905 4402 1052 4465 tate
1107 4392 1444 4508 catholica
1499 4392 1910 4465 desciscere.
1952 4388 2105 4481 Quo
2160 4392 2427 4464 factum
2484 4402 2615 4477 est,
2666 4400 2750 4463 ut
2806 4402 3051 4464 totum
