3292 5275
862 474 1023 557 282

1576 582 2271 677 DECRETVM

1522 866 1804 933 vnms
1869 865 1988 931 ET
2047 866 2340 931 ORBIS

921 1140 1049 1197 Qvo
1097 1140 1152 1187 S.
1196 1140 1415 1190 losum!
1471 1140 1786 1190 nmmum
1847 1139 2122 1189 vtnmms
2177 1138 2614 1188 tuncvnnss
2673 1138 2934 1191 SPONSVS

1060 1272 1445 1322 cunomcn:
1504 1272 1838 1321 scansus
1897 1271 2224 1323 PArnonvs
2279 1271 2773 1323 coNSTtTvnvn.

870 1722 1546 1924 Quemadmodum
1600 1810 1790 1888 Deus
1849 1810 2222 1907 Iosephum
2275 1814 2470 1885 illum
2507 1837 2546 1885 a
2591 1811 2798 1885 Iacob
2853 1809 2993 1887 Pa-

870 1935 1174 2007 triarcha
1214 1936 1654 2029 progenitum
1693 1935 2170 2028 praepositum
2209 1936 2674 2008 constituerat
2709 1935 2995 2005 univer-

870 2075 991 2127 sae
1050 2066 1281 2128 terrae
1337 2050 1631 2149 Aegypti
1673 2066 1748 2126 ut
1795 2057 2048 2149 populo
2105 2058 2456 2127 frumenta
2511 2024 2860 2141 servarel,
2895 2054 2994 2125 ita

870 2186 1259 2266 temporum
1316 2174 1754 2269 plenitudine
1793 2176 2254 2260 adventante,
2289 2171 2754 2249 cum-Filium
2791 2194 2992 2246 suum

869 2288 1325 2385 Unigenitum
1376 2294 1617 2367 mundi
1695 2292 2136 2369 salvatorem
2189 2298 2264 2366 in
2319 2307 2580 2370 terram
2656 2298 2995 2367 missurus

870 2425 1078 2500 esset,
1114 2416 1323 2487 alium
1354 2416 1601 2507 selegit
1637 2412 2040 2509 losephum,
2073 2418 2270 2489 cuius
2301 2415 2414 2487 ille
2447 2415 2714 2507 primus
2745 2426 2995 2509 typum

870 2546 1201 2626 gesserat,
1233 2558 1603 2632 ,quemque
1663 2537 1826 2610 fecit
1881 2534 2260 2609 Dominum
2313 2548 2388 2611 et
2441 2532 2838 2629 Principem
2875 2538 2998 2611 do-

868 2678 1021 2730 mus
1075 2677 1156 2730 ac
1210 2661 1680 2750 possessionis
1759 2682 1957 2743 suae,
2017 2659 2660 2754 principaliumque
2717 2658 3000 2730 thesau-

872 2798 1107 2852 rorum
1136 2800 1420 2852 suorum
1450 2780 1812 2852 custodem
1841 2781 2078 2872 elegit.
2113 2777 2471 2874 Siquidem
2502 2781 2996 2872 desponsatam

872 2897 1008 2968 sibi
1063 2898 1304 2972 habuit
1358 2893 1876 2972 Immaculatam
1932 2896 2302 2991 Virginem
2355 2896 2668 2986 Mariam,
2704 2920 2798 2972 ex
2853 2921 2998 2994 qua

869 3017 955 3088 de
1009 3013 1271 3110 Spiritu
1327 3016 1584 3092 Sancto
1640 3033 1846 3094 natus
1899 3031 2007 3092 est
2069 3017 2414 3094 Dominus
2479 3015 2734 3094 Noster
2793 3017 2993 3094 lesus

870 3134 1225 3220 ChristuS,
1259 3141 1378 3233 qui
1436 3140 1616 3232 apud
1657 3141 1970 3213 homines
2009 3144 2245 3232 putari
2293 3141 2620 3232 diguatus
2657 3153 2766 3214 est
2805 3141 2998 3214 filius

872 3254 1146 3351 loseph,
1204 3260 1447 3354 illique
1502 3262 1827 3335 subditus
1881 3263 2043 3335 fuit.
2085 3258 2178 3334 Et
2233 3281 2446 3356 quem
2506 3272 2608 3335 tot
2657 3283 2860 3353 reges
2917 3287 3002 3336 ac

872 3381 1251 3472 prophetae
1277 3380 1519 3455 videre
1552 3393 2077 3474 exoptaverant,
2105 3384 2236 3456 iste
2267 3379 2521 3475 loseph
2553 3403 2692 3456 non
2727 3393 2998 3456 tantum

874 3498 1082 3583 vidit,
1124 3502 1248 3572 sed
1285 3522 1442 3573 cum
1480 3522 1567 3574 eo
1606 3515 2104 3586 conversatuS,
2145 3523 2457 3596 eumque
2497 3515 2792 3596 paterno
2829 3505 3002 3575 affe-

874 3631 993 3691 etu
1034 3622 1469 3714 complexuS,
1508 3621 2103 3716 deosculatusque
2161 3635 2315 3711 est3
2351 3645 2480 3695 nee
2520 3645 2660 3696 non
2697 3623 3003 3696 solertis·

876 3740 1051 3810 sime
1106 3739 1447 3815 enutrivit
1499 3761 1716 3834 quem
1793 3745 2099 3834 populus
2165 3741 2392 3814 fidelis
2450 3743 2554 3815 uti
2609 3763 2859 3833 panem
2913 3743 3002 3814 de

876 3862 1073 3932 caelo
1128 3861 1543 3935 descensum
1602 3873 1916 3935 sumet-at
1955 3863 2043 3935 ad
2084 3861 2307 3935 vitam
2363 3873 2716 3934 aeternam
2751 3883 3004 3936 conse-

874 3981 1243 4074 quendam.
1286 3976 1395 4052 Ob
1436 3982 1810 4056 sublimem
1848 3983 2029 4057 hanc
2069 3984 2518 4075 dignitatem,
2557 4003 2770 4076 quam
2807 3980 3002 4058 Deus

875 4099 1277 4174 fidelissimo
1331 4101 1495 4175 huie
1553 4124 1764 4176 servo
1821 4125 1948 4176 suo
1989 4104 2320 4192 contulit,
2359 4125 2628 4198 semper
2665 4101 3005 4178 Beatissi-

875 4241 1059 4290 mum
1113 4215 1476 4313 Iosephum
1538 4235 1696 4316 post
1753 4219 2126 4318 Deiparam
2185 4221 2538 4317 Virginem
2577 4227 2734 4299 eius
2771 4223 3004 4319 Spon-

880 4361 1032 4411 sam
1086 4335 1397 4414 Ecclesia
1436 4365 1712 4417 summo
1767 4346 2030 4420 honore
2071 4369 2152 4419 ac
2193 4347 2514 4420 laudibus
2568 4361 3000 4442 prosequuta
