3292 5275
454 618 573 695 IV.
626 621 807 709 Inibi
858 625 1069 716 igitar
1102 618 1459 697 cathedra
1510 626 1986 699 constituatur
2021 636 2095 697 et
2137 619 2356 697 Sedes

246 740 683 837 Episcopalis
720 766 851 837 pro
888 764 1033 819 uno
1086 743 1537 819 adsciscendo
1585 744 1950 817 ordinario
2005 740 2360 839 Episcopo

246 861 879 955 Luxemburgensi,
934 886 1097 939 eum
1130 866 1459 937 omnibus
1510 865 1680 937 item
1741 862 2156 949 honoribus,
2193 864 2360 937 iuri-

246 986 401 1073 bus,
440 1004 523 1059 ac
581 982 995 1077 privilegiis,
1028 986 1287 1079 quibus
1326 1006 1409 1059 a
1446 983 1788 1062 communi
1826 985 1976 1057 iure
2011 993 2084 1057 et
2119 984 2361 1076 legiti-

242 1126 359 1177 ma
394 1104 911 1181 consuetudine
946 1106 1021 1177 in
1050 1100 1461 1181 Hollandiae
1518 1102 1761 1198 Regno
1795 1102 2016 1179 ceteri
2055 1106 2366 1179 novissi·-

244 1225 339 1297 mi
372 1219 713 1318 Episcopi
766 1225 1157 1317 potiuntur.

460 1337 547 1415 V.
620 1338 950 1435 Delegato
1029 1341 1432 1440 Apostolico
1506 1349 1688 1419 haee
1773 1343 1864 1419 ad
1943 1346 2363 1451 exequenda

247 1464 423 1537 infra
479 1462 901 1559 designando
957 1465 1489 1551 committimus,
1543 1480 1625 1539 ut
1672 1460 2080 1559 Capitulum
2131 1462 2364 1541 Cano-
2469 1566 2474 1571 μ

246 1586 603 1668 nieorum,
652 1592 1190 1691 ceterorumque
1270 1587 1397 1681 qni
1471 1582 1840 1664 Ecclesiae
1918 1581 2364 1660 cathedralis

248 1704 545 1779 servitio
580 1703 839 1777 debent
873 1726 1031 1779 esse
1066 1706 1439 1799 mancipati
1476 1706 1726 1799 erigat,
1761 1707 2120 1791 instituat,
2161 1704 2368 1781 iuxta

247 1844 565 1899 normam
618 1819 693 1895 S.
750 1818 1041 1899 concilii
1100 1821 1521 1913 Tridentini,
1574 1821 2138 1920 Apostolicorum
2175 1821 2366 1901 Con·-

248 1945 725 2029 stitutionum,
780 1966 909 2019 nee
962 1964 1101 2019 non
1174 1948 1473 2020 aliarum
1528 1949 1603 2019 in
1661 1941 2032 2020 Hellandia
2094 1942 2366 2021 cathe-

248 2064 546 2137 dralium
598 2062 985 2139 novissime
1040 2076 1464 2141 erectarum.

460 2179 579 2255 Vl.
636 2180 833 2259 Idem
884 2180 1265 2277 Delegatus
1314 2196 1463 2261 tum
1516 2184 1956 2261 Cathedralis
2009 2184 2366 2265 Ecclesiae

248 2306 652 2390 servitium,
703 2314 855 2379 tum
906 2306 1213 2398 insignia
1267 2309 1668 2382 huiusmodi
1725 2306 2389 2404 Luxembttrgensis·

248 2420 561 2518 Capituli
612 2420 1086 2513 cathedralis,
1146 2439 1295 2501 tum
1350 2427 1487 2503 alia
1541 2430 1778 2501 omnia
1815 2447 1994 2523 quae
2041 2448 2368 2503 necessa·-

248 2548 355 2619 ria
408 2556 579 2619 sunt
614 2546 703 2619 ad
742 2546 919 2621 hanc
972 2568 1123 2621 rem
1160 2550 1295 2623 rite
1334 2552 1531 2624 iuxta
1570 2567 1806 2623 saeros
1841 2568 2152 2623 canones
2187 2567 2367 2625 eon-

248 2665 647 2752 ficiendam,
704 2668 789 2738 ad
844 2685 1165 2746 normam
1244 2669 1457 2744 etiam
1512 2671 1816 2744 aliarum
1867 2667 1938 2742 in
1993 2665 2382 2744 Hellandia·

248 2809 404 2862 mox
470 2798 871 2862 erectarum
924 2785 1455 2864 cathedralium
1506 2789 1894 2864 constituat
1919 2839 1946 2876 ‚
1999 2790 2360 2863 decernat.

464 2904 617 2980 vll.
678 2905 857 2982 Cum
911 2931 1081 2982 vero
1138 2913 1215 2984 in
1248 2907 1555 2986 Civitate
1592 2908 2188 3004 Luxemburgensi
2225 2914 2368 2986 inm

248 3042 449 3104 extet
485 3025 919 3104 clericorum
944 3025 1449 3116 Seminarium,
1476 3034 1742 3106 ideireo
1773 3029 2148 3125 Delegatus
2176 3029 2370 3128 Apo-

250 3153 549 3224 stolicus
602 3151 835 3224 omnia
886 3151 1209 3224 similiter
1292 3164 1588 3239 statuat,
1644 3154 1980 3239 declaret,
2037 3173 2222 3247 quae
2275 3155 2366 3227 ad

250 3267 667 3365 Episcopale
702 3265 1164 3344 Seminarium
1216 3274 1792 3347 constituendum
1826 3273 2226 3347 necessaria
2263 3275 2370 3348 di-

249 3403 715 3486 gnoscuntur,
752 3391 949 3466 iuxta
1002 3413 1363 3467 sacrorum
1396 3390 1906 3480 Geminorum,
1951 3395 2368 3489 praesertim

253 3512 681 3602 Tridentini,
736 3524 808 3590 et
884 3511 1449 3611 Apostolicorum
1528 3515 2128 3594 constitutionum
2209 3539 2372 3592 san-

248 3639 547 3714 ctiones.

465 3755 654 3832 vlu.
714 3753 907 3832 Nova
988 3757 1165 3837 haec
1214 3758 1320 3834 sic
1378 3773 1611 3836 crecta
1695 3773 1906 3858 atque
1987 3765 2367 3840 constituta

251 3875 695 3976 Episcopalis
750 3875 970 3953 Sedes
1047 3877 1680 3975 Luxcmbnrgensis
1764 3880 2006 3958 iisdem
2079 3885 2370 3960 omnino

252 4001 693 4076 dioecesanis
745 3999 1095 4076 limitibus
1148 4003 1619 4092 contineatur,
1675 4005 1932 4099 quibus
1972 4016 2178 4080 antea
2233 4007 2371 4079 sub

254 4118 663 4217 Apostolico
716 4141 885 4196 mox
936 4141 1311 4216 suppresso
1366 4120 1718 4198 vicariatu
1758 4127 2217 4220 sopiebatur3
2255 4149 2372 4203 re·

256 4251 535 4322 servata
590 4254 828 4320 tamen
880 4236 1099 4320 Nobis
1150 4253 1228 4320 et
1278 4241 1581 4322 Sanctae
1632 4245 1798 4320 huie
1847 4243 2008 4322 Sedi
2064 4240 2372 4345 Aposto-

1847 4488 1946 4580 16
