3292 5275
878 437 1038 522 25⁰

877 587 1159 650 evectae
1213 578 1297 648 ab
1338 571 1888 666 Archiepiscopo
1948 573 2079 643 rite
2133 571 2458 644 dedicata
2514 570 3011 662 septingentas

875 697 1147 770 circiter
1201 716 1530 788 personas
1569 703 1802 787 potest
1842 693 2233 775 continere,
2270 693 2590 786 idemque
2634 693 3008 783 imperiale

874 813 1299 890 Gubernium
1337 819 1404 887 in
1461 817 1775 888 eiusdem
1828 809 2190 886 Ecclesiae
2248 824 2316 884 et
2371 813 2439 882 in
2514 813 2787 884 aedium
2868 831 2999 905 pro

873 933 1416 1029 Archiepiscopo
1466 935 1758 1029 eiusque
1786 930 2120 1026 Capitulo
2156 930 2697 1006 etConsistorio
2754 943 3007 1004 extru-

843 1058 1176 1130 .ctionem
1238 1057 1468 1128 decies
1525 1070 1813 1129 centena
1871 1055 2089 1126 millia
2168 1055 2435 1126 ducena
2508 1051 3005 1146 quinquagena

875 1180 1090 1250 millia
1147 1181 1544 1251 francorum
1601 1175 1967 1250 nummum
2004 1175 2482 1260 constituisse,
2527 1176 2695 1245 item
2736 1173 2825 1244 ad
2867 1174 3011 1244 tui-

877 1300 1146 1383 tionem
1199 1298 1505 1371 aedificii
1561 1309 1633 1370 et
1689 1299 1777 1370 ad
1834 1296 2417 1369 sustentationem
2484 1314 2943 1389 personarum
2980 1343 3005 1378 ,

876 1441 1056 1514 quae
1113 1419 1298 1492 illius
1355 1441 1602 1493 curam
1654 1430 1921 1510 gerent,
1962 1415 2245 1508 triginta
2300 1439 2425 1490 sex
2480 1415 2659 1487 mille
2718 1417 3005 1486 francos

875 1559 1195 1610 nummos
1253 1541 1640 1630 assignasse
1674 1589 1693 1623 ‚
1752 1539 2134 1630 habitaque
2192 1537 2483 1610 carioris
2540 1531 3005 1610 exhibitionis

877 1655 1250 1750 Petropoli‚
1291 1680 1570 1732 censum
1599 1655 1911 1752 Capituli
1946 1659 2200 1730 annuis
2258 1658 2520 1730 vicenis
2560 1659 2805 1752 quinis
2844 1656 3007 1727 mil-

874 1781 1058 1854 libus
1117 1783 1514 1851 francorum
1571 1761 1929 1852 nummum
1986 1779 2285 1851 auxisse.
2323 1774 2739 1870 Expositum
2800 1778 3003 1848 insu·-

877 1921 1001 1995 per
1055 1914 1186 1986 est,
1217 1899 1581 1972 deficiente
1641 1895 2055 1972 Mobiloviae
2116 1895 2711 1991 Archiepiscopali
2768 1895 3007 1972 Semi-

874 2021 1100 2104 nario,
1143 2020 1229 2091 ad
1285 2019 1455 2091 haec
1511 2021 1703 2090 enim
1758 2042 1971 2114 usque
2032 2031 2349 2112 tempora
2405 2023 2611 2092 istius
2649 2021 2998 2092 dioecesis

875 2140 1114 2212 clerici
1147 2141 1212 2209 in
1245 2135 1630 2211 Minscensi
1676 2136 2062 2212 Seminario
2129 2139 2705 2224 instituebantur,
2768 2143 3003 2234 impe-

875 2259 1047 2330 riale
1098 2257 1531 2332 Gubernium
1587 2281 1799 2352 penes
1831 2253 2438 2353 Archicpiscopale
2495 2256 2853 2332 Palatium
2884 2282 3005 2332 ae-

875 2379 997 2451 des
1037 2399 1162 2469 pro
1200 2375 1597 2451 Seminario
1636 2381 2052 2452 extruendas
2090 2403 2367 2465 curare,
2400 2393 2470 2453 et
2502 2381 2785 2451 interim
2826 2383 2999 2452 satis

874 2502 1168 2593 amplam
1222 2501 1296 2570 in
1353 2513 1674 2593 promptu
1744 2501 1988 2572 haberi
2046 2501 2332 2574 domum
2386 2501 2658 2573 clericis
2698 2495 3001 2572 Mohilo-

873 2620 1140 2693 viensis
1224 2619 1555 2694 dioecesis
1613 2623 1937 2713 precario
2012 2623 2461 2716 excipiendis.
2517 2617 2697 2695 Hinc
2774 2624 3001 2715 impe-

873 2739 1047 2813 riale
1103 2736 1564 2827 Gubernium‚
1624 2743 1867 2815 audito
1922 2737 2318 2816 Venerabili
2378 2738 2625 2815 Fratre
2680 2739 2999 2817 Antonio

873 2856 1327 2950 Fijalkowski
1381 2857 1995 2939 Mobiloviensium
2053 2860 2624 2957 Archicpiscopo‚
2680 2864 2863 2955 petit
2917 2878 2999 2937 ut

872 2994 1332 3058 memoratum
1360 2975 1751 3075 Capitulum
1788 2996 1865 3057 et
1889 2982 2401 3069 Consistorium
2432 2980 2821 3059 Mobilovia
2860 2980 3001 3057 Pe-

877 3101 1194 3193 tropolim
1233 3101 1717 3185 transferatur.
1749 3100 1887 3191 Nos
1924 3102 2425 3197 ex·Apostotiei
2456 3104 2823 3179 ministerii
2855 3102 2999 3181 No-

876 3222 1002 3293 stri
1076 3222 1318 3307 debito
1391 3224 1669 3313 illoram
1744 3226 2053 3301 fidelium
2110 3227 2371 3302 bonum
2424 3238 2497 3301 et
2546 3230 2995 3321 commodum

873 3363 1332 3434 summopere·
1363 3355 1711 3436 optantes,
1743 3346 2221 3438 peculim-ibus,
2263 3370 2493 3422 rerum
2532 3350 2891 3431 adiunctis
2928 3362 2995 3421 et

873 3464 1106 3547 causis
1137 3464 1590 3557 ‚supradictis
1627 3480 1906 3541 maturo
1942 3468 2258 3552 examine
2312 3470 2703 3563 perpensis,
2746 3471 2997 3547 huius-

871 3585 1058 3657 modi
1142 3588 1332 3691 yotis
1415 3590 1861 3675 annuendum
1892 3593 2359 3677 „censuimus
2428 3586 2663 3676 Quare
2746 3612 2991 3665 omnes

873 3715 946 3777 et
1003 3706 1370 3803 singuloS,
1420 3710 1865 3800 quibus·hae
1926 3713 2203 3795 litterae
2261 3704 2551 3797 Nostrae
2610 3710 2895 3796 favent,
2948 3736 2993 3785 a

873 3825 1247 3918 quibus-vis
1299 3831 2045 3917 excommunicationis
2098 3843 2173 3903 et
2226 3828 2580 3910 interdicti
2616 3880 2636 3916 ‚
2667 3832 2989 3925 aliisque

873 3945 1371 4031 ecclesiasticis
1409 3928 1777 4023 sententiis
1816 3953 2137 4039 censuris
2174 3962 2248 4023 et
2284 3952 2521 4045 poenis
2554 3954 2813 4045 queris
2829 3973 2991 4027 mo-

869 4066 962 4138 do
1018 4068 1132 4137 vel
1187 4072 1757 4159 quacumque-de
1790 4090 2016 4159 ‘causa
2070 4069 2257 4157 latis,
2298 4071 2359 4145 si
2410 4092 2584 4164 quas
2640 4074 2847 4145 forte·
2882 4076 2989 4145 in-

873 4188 1226 4261 currerint
1255 4236 1280 4273 ,
1337 4190 1544 4277 huius
1597 4189 1869 4280 tantum
1924 4196 2033 4269 rei
2107 4196 2335 4283 gratia
2410 4195 2861 4303 absolventes
2914 4210 2985 4271 et

875 4308 1233 4386 absolutos
1289 4312 1448 4397 fore,
1489 4325 1878 4406 censentes,
1936 4311 2331 4394 Venerabili
2386 4312 2616 4396 Fratri
2673 4313 2981 4396 Antonio
