3292 5275
242 572 311 631 et
360 578 779 651 suspensam
832 577 985 629 esse
1066 558 1477 627 nunciamus
1510 604 1531 641 ‚
1590 550 1812 627 Deum
1889 554 2346 648 adprecantes

242 690 591 755 auctorem
640 689 715 751 et
768 678 1111 750 vindicem
1162 672 1527 749 Ecclesiae
1582 674 1762 749 Suae
1789 722 1812 759 ,
1871 685 1954 749 ut
2006 676 2346 748 submotis

240 799 516 871 tandem
600 797 1119 890 impedimentis
1172 796 1499 871 omnibus
1557 794 1876 891 Sponsae
1934 790 2118 871 Suae
2173 794 2352 869 flde-

239 918 530 993 lissimae
584 919 777 991 ocius
855 920 1183 991 restituat
1235 920 1634 991 libertatem
1689 938 1770 989 ac
1829 936 2095 1009 pacem.
2154 910 2351 1003 Quo-

242 1038 417 1111 niam
475 1060 650 1113 vero
688 1059 827 1132 quo
867 1036 1177 1129 pluribus
1212 1050 1285 1109 et
1324 1036 1760 1129 gravioribus
1818 1036 2150 1129 periculis
2203 1058 2352 1110 ma·

240 1161 460 1253 lisque
517 1170 807 1233 vexatur
858 1154 1185 1232 Ecclesia
1216 1206 1239 1242 ‚
1318 1180 1402 1231 eo
1483 1159 1704 1249 magis
1781 1157 2191 1231 instandum
2245 1169 2352 1229 est

248 1276 845 1353 obsecrationibus
926 1290 999 1351 et
1082 1277 1513 1354 orationibus
1566 1290 1774 1351 nocte
1828 1299 1910 1348 ac
1974 1277 2088 1350 die
2169 1279 2353 1372 apud

250 1396 477 1473 Deum
540 1410 615 1473 et
666 1394 952 1473 Patrem
1004 1394 1285 1472 Domini
1340 1394 1575 1472 Nostri
1630 1394 1788 1471 Iesu
1841 1395 2106 1471 Christi
2133 1445 2156 1483 ,
2215 1393 2356 1471 Pa-

254 1533 429 1592 trem
482 1520 1131 1594 misericordiarum
1186 1530 1258 1591 et
1293 1514 1511 1591 Deum
1566 1520 1782 1592 totius
1835 1519 2358 1602 consolationis,

250 1643 573 1715 volumus
626 1662 703 1712 ac
756 1640 1160 1714 mandamus
1186 1688 1209 1726 ,
1268 1652 1349 1714 ut
1412 1661 1496 1713 ea
1552 1662 1734 1733 quae
1815 1638 1882 1711 in
1945 1638 2362 1734 Apostolicis

252 1756 533 1833 Litteris
588 1759 701 1831 dic
762 1749 853 1831 11
908 1756 1167 1853 Aprilis
1222 1782 1411 1833 anno
1467 1759 1783 1852 proxime
1837 1762 2184 1855 superiori
2238 1761 2363 1834 da-

257 1883 371 1967 tis,
426 1880 685 1974 quibus
738 1879 1240 1972 indulgentiam
1278 1881 1660 1973 plenariam
1695 1880 1762 1952 in
1799 1883 2020 1953 forma
2073 1876 2362 1954 lubilaei

259 2002 622 2075 occasione
676 1995 1127 2074 oecumenici
1182 1997 1479 2075 Concilii
1562 1999 1876 2073 omnibus
1935 1998 2366 2075 Christiflde—

256 2121 437 2195 libus
495 2120 987 2205 concessimus,
1026 2142 1067 2192 a
1104 2115 1319 2193 Nobis
1372 2119 1706 2215 disposita
1743 2142 1822 2193 ac
1859 2132 2124 2196 statuta
2175 2133 2364 2210 sunt,

258 2242 453 2315 iuxta
508 2240 787 2315 modum
843 2253 916 2314 et
970 2242 1308 2314 rationem
1366 2241 1615 2314 iisdem
1671 2236 1962 2316 Litteris
2025 2244 2367 2338 praescri-

262 2374 447 2457 ptam
506 2362 579 2433 in
636 2383 761 2433 sua
815 2362 885 2433 vi
940 2360 1263 2436 firmitate
1300 2374 1375 2435 et
1409 2360 1646 2453 vigore
1696 2374 2172 2457 permaneant,
2215 2386 2369 2458 per-

264 2484 425 2557 inde
484 2503 565 2555 ae
602 2480 660 2553 si
702 2480 919 2575 ipsius
954 2478 1249 2556 Concilii
1287 2482 1668 2556 celebratio
1705 2484 2138 2578 precederet.
2176 2481 2368 2561 Haec

264 2604 661 2690 statuimuS,
695 2602 1134 2689 nunciamus,
1158 2607 1503 2679 volumus.
1532 2603 1975 2693 mandamus,
2003 2607 2372 2681 contrariis

268 2745 405 2798 nou
464 2723 901 2796 obstantibus
938 2723 1517 2819 quibuscumque;
1550 2725 1830 2798 irritum
1883 2737 1954 2798 et
2007 2729 2213 2800 inane
2251 2730 2374 2802 de-

262 2855 631 2918 cernentes
688 2843 744 2916 si
800 2865 999 2917 secus
1055 2865 1261 2938 super
1312 2843 1417 2917 his
1472 2867 1509 2918 a
1565 2867 1914 2941 quoquam
1949 2849 2204 2942 quavis
2259 2869 2374 2923 au-

262 2963 597 3038 ctoritate
654 2965 956 3038 scienter
992 2967 1111 3039 vel
1147 2967 1535 3060 ignoranter
1588 2967 1958 3059 contigerit
2011 2971 2368 3044 attentari.

262 3079 455 3158 Nulli
510 3107 676 3178 ergo
730 3087 1011 3158 omnino
1092 3087 1449 3160 hominum
1519 3087 1734 3160 liceat
1789 3087 1966 3161 hanc
2048 3091 2373 3184 paginam

262 3201 667 3282 Nostrorum
718 3206 1183 3300 suspensionis
1239 3206 1702 3281 nunciationis
1739 3209 2128 3284 voluntatis
2181 3195 2376 3284 man-

266 3327 415 3401 dati
474 3349 555 3400 ac
591 3327 856 3401 decreti
912 3325 1285 3420 infringere
1323 3331 1437 3402 vel
1474 3328 1539 3400 ei
1580 3350 1760 3404 ausu
1798 3331 2172 3404 temerario
2211 3353 2378 3407 con-

269 3450 515 3532 traire,
575 3448 634 3519 si
688 3449 843 3542 quis
898 3458 1139 3522 autem
1192 3449 1323 3520 hoc
1379 3460 1726 3523 attentare
1781 3456 2374 3546 praesumpserit,

270 3568 825 3661 indignationem
878 3567 1377 3664 omnipotentis
1438 3566 1570 3643 Dei
1624 3582 1699 3644 et
1751 3565 2131 3646 Beatorum
2186 3570 2380 3646 Petri

268 3711 349 3761 ac
382 3684 621 3763 Paulli
660 3686 1147 3784 Apostolorum
1212 3685 1389 3766 Eius
1440 3712 1514 3764 se
1562 3693 1848 3765 noverit
1911 3694 2375 3767 incursurum.

268 3805 363 3882 Ut
418 3819 659 3885 autem
712 3811 995 3884 eaedem
1052 3823 1443 3906 praesentes
1482 3805 1794 3886 Litterae
1849 3813 2166 3886 omnibus
2201 3837 2380 3909 quo-

270 3953 429 4004 rum
484 3931 775 4004 interest
832 3929 1325 4019 innotescant,
1379 3934 1692 4006 volumus
1747 3933 1902 4007 illas
1957 3953 2084 4008 seu
2137 3953 2381 4008 earum

270 4053 595 4145 exempla
650 4053 734 4124 ad
790 4053 1039 4127 valvas
1092 4049 1449 4127 Ecclesiae
1504 4048 1994 4128 Laterauensis
2059 4067 2136 4128 et
2185 4049 2386 4129 Basi-

271 4172 449 4246 licae
506 4168 857 4267 Principis
896 4169 1407 4266 Apostolorum,
1445 4195 1575 4248 nec
1622 4195 1762 4248 non
1817 4169 1892 4247 S.
1935 4169 2194 4252 Mariae
2233 4173 2386 4250 Ma-

276 4291 441 4368 ioris
500 4291 585 4367 de
638 4287 825 4370 Vrbe
880 4293 1065 4390 affigi
1118 4307 1189 4368 et
1244 4291 1637 4393 publicari,
1692 4297 1936 4396 sicque
1990 4297 2388 4398 publicatas
