3292 5275
2232 482 2381 565 201

291 623 960 698 administrationem
1014 620 1338 701 Nostram
1413 618 1758 718 privatam
1833 635 1903 696 et
1976 625 2390 697 familiarem

289 745 638 837 pertinet,
697 757 904 838 atque
961 748 1030 818 in
1087 748 1402 819 omnibus
1457 748 1739 818 omnino
1792 746 2269 817 administrari
2324 756 2396 819 et

300 866 446 957 regi
503 866 594 939 ab
647 868 732 937 iis
789 878 860 938 et
907 866 990 937 ad
1043 888 1199 939 eum
1253 868 1564 951 modum,
1604 866 1689 937 de
1745 867 1999 958 quibus
2056 867 2129 937 in
2166 861 2404 959 respe-

289 986 500 1059 etivis
551 984 819 1059 Nostris
875 983 1296 1081 Apostolieis
1350 988 1612 1059 litteris
1670 988 2075 1079 singillatim
2138 999 2210 1061 et
2272 1010 2403 1061 ex-

290 1127 526 1197 presse
582 1109 1148 1200 praescripsimus
1201 1120 1403 1200 atque
1459 1106 1845 1190 statuimus,
1914 1108 2231 1200 exceptis
2295 1120 2403 1181 ta·-

291 1246 458 1299 men
503 1228 588 1297 iis
643 1228 1140 1301 mutationibus
1195 1227 1749 1301 ordinationibus
1786 1238 1859 1298 et
1897 1229 2189 1311 normis,
2228 1250 2403 1323 quas

294 1368 426 1439 pro
493 1341 748 1419 Nostro
805 1346 1064 1421 iudicio
1117 1348 1358 1438 magis
1413 1334 1741 1440 enpedire
1795 1349 1883 1421 ad
1920 1348 2021 1441 pii
2056 1348 2283 1442 operis
2320 1350 2410 1423 bo

294 1486 465 1543 num
520 1467 1020 1558 putaverimus,

508 1582 736 1677 Ipsum
791 1588 958 1659 item
1012 1585 1467 1680 Gymnasium
1525 1589 1727 1662 iuxta
1780 1589 2273 1681 praescriptam
2328 1592 2404 1664 in

297 1700 722 1795 Apostolieis
776 1702 1048 1780 Nostris
1111 1707 1364 1783 litteris
1426 1708 1512 1779 de
1553 1707 1955 1781 fundatione
2008 1709 2165 1781 eius
2220 1710 2407 1781 datis

297 1827 630 1897 rationem
666 1872 688 1911 ‚
745 1828 977 1901 veluti
1043 1825 1560 1901 Patrimonium
1635 1829 2029 1903 studiorum
2104 1828 2407 1901 civitatis

299 1941 836 2037 Senogalliensis
861 1948 1170 2021 manebit
1199 1970 1283 2021 ac
1323 1948 1616 2037 vigebit,
1642 1948 2043 2040 pariterque
2070 1949 2141 2019 in
2174 1950 2411 2019 omni-

297 2066 432 2139 bus
487 2068 962 2141 administrari
1019 2088 1102 2139 ac
1167 2070 1312 2159 regi
1383 2066 1667 2140 debebit
1739 2088 1864 2160 per
1944 2068 2409 2140 ministerium

297 2204 535 2257 eorum
589 2196 662 2257 et
699 2187 798 2267 ,ad
851 2208 1010 2261 eum
1064 2188 1346 2260 modum
1372 2236 1392 2271 ‚
1444 2189 1539 2261 de
1595 2188 1861 2311 quibus
1902 2187 1973 2257 in
2030 2186 2411 2279 praedictis

297 2298 576 2377 Nostris
628 2308 886 2380 litteris
940 2320 1222 2381 cautum
1277 2318 1413 2379 est.
2294 2380 2299 2383 .

511 2422 721 2515 Quod
775 2426 830 2499 si
885 2448 1314 2522 quacumque
1371 2427 1644 2501 ratione
1680 2436 1801 2499 aut
1836 2446 2049 2502 causa
2086 2447 2413 2521 quocum-

300 2566 440 2639 que
495 2558 780 2622 auctore
831 2560 1068 2621 exorta
1100 2597 1123 2633 ‚
1179 2551 1296 2623 vel
1351 2550 1566 2621 etiam
1633 2549 1865 2621 alieno
1916 2548 2105 2619 facto
2158 2559 2280 2620 aut
2332 2549 2411 2625 vi

299 2667 546 2738 maiori
601 2669 912 2755 eveniat,
945 2681 1025 2744 ut
1059 2671 1397 2761 regimen,
1439 2669 1964 2755 administratio,
2001 2679 2070 2740 et
2108 2663 2413 2742 officium

301 2807 762 2878 personarum
815 2792 932 2864 vel
986 2790 1480 2864 auctoritatum
1533 2789 1991 2862 ecclesiastici
2041 2787 2304 2861 ordinis
2336 2789 2413 2860 in

303 2909 665 3001 praedicta
701 2911 906 2983 domo
939 2913 1154 3004 vulgo
1189 2907 1263 2982 di
1293 2907 1632 2984 Ricovero
1672 2919 2041 3000 reputetur
2078 2919 2205 2981 aut
2248 2929 2419 2980 cen-

217 3127 222 3132 ·
307 3039 545 3103 seatur
599 3051 758 3102 cum
812 3029 1018 3106 novis
1073 3053 1152 3103 ac
1207 3031 1455 3103 divisis
1510 3049 1745 3102 rerum
1801 3030 2239 3122 publicarum
2302 3051 2420 3100 or-

305 3150 792 3224 dinationibus
843 3153 1234 3224 cohaerere·
1267 3161 1338 3222 et
1393 3149 1757 3223 conciliari
1812 3169 1953 3220 non
2008 3167 2247 3241 posse,
2296 3157 2419 3220 aut

303 3279 388 3342 ut
441 3271 574 3344 sub
625 3273 940 3365 quolibet
995 3281 1368 3363 praetextu
1423 3291 1502 3342 ac
1556 3269 1837 3340 nomine
1892 3267 2065 3340 aliae
2120 3266 2423 3340 auctori·

305 3402 496 3463 tates
545 3402 669 3464 aut
725 3409 1060 3484 personae
1111 3388 1464 3462 introduci
1519 3387 1632 3465 vel
1688 3388 1973 3478 adiungi
2026 3385 2263 3460 velint
2314 3387 2423 3458 di·-

307 3531 565 3584 versae
599 3510 686 3582 ab
739 3509 826 3582 iis
877 3531 1052 3604 quas
1103 3511 1616 3592 constituimus,
1675 3519 1797 3581 aut
1848 3518 1933 3582 ut
1984 3507 2209 3599 ipsius
2262 3506 2421 3598 piae

309 3631 772 3703 institutionis
809 3629 974 3704 finis
1011 3636 1123 3706 vel
1163 3634 1446 3724 regulae
1483 3649 1612 3702 seu
1647 3649 1741 3701 ex
1778 3640 1979 3721 parte
2034 3647 2157 3699 seu
2214 3627 2425 3699 omni-

309 3768 403 3824 no
459 3752 950 3836 immutentur,
1007 3764 1131 3826 aut
1186 3764 1264 3822 ut
1317 3771 1562 3822 manus
1617 3751 2071 3823 admoveatur
2130 3745 2217 3818 ad
2271 3746 2423 3818 cius

305 3875 492 3947 bona
547 3885 618 3943 et
671 3873 986 3946 redditus
1027 3873 1146 3944 vel
1183 3871 1751 3944 intervertendos
1788 3868 1909 3940 vel
1964 3865 2423 3953 minuendos;

306 3995 384 4066 in
439 3996 629 4066 omni
683 4005 756 4064 et
809 3992 1118 4085 quolibet
1155 4013 1325 4069 casu
1363 3990 1482 4082 qui
1521 4001 1761 4062 contra
1802 3986 2267 4060 institutionis
2303 4007 2427 4058 ra·-

309 4114 568 4191 tionem
649 4126 1030 4208 contraque
1084 4125 1492 4204 praesentes
1565 4111 1687 4181 has
1762 4110 2035 4180 litteras
2092 4127 2425 4200 umquam

307 4237 676 4326 eontingat
705 4281 728 4319 ,
785 4229 926 4306 Nos
991 4233 1424 4325 praedictam
1495 4227 2011 4302 institutionem
2084 4226 2427 4300 sublatam

307 4367 390 4430 et
443 4356 770 4430 abolitam
819 4377 980 4436 ,esse
1031 4357 1178 4429 iam
1229 4375 1418 4428 nunc
1471 4351 1929 4436 intendimus,
1964 4347 2296 4422 volumus
2342 4369 2429 4422 ac
