<?xml version="1.0" encoding="UTF-8"?>
<!DOCTYPE html PUBLIC "-//W3C//DTD XHTML 1.0 Transitional//EN"
    "http://www.w3.org/TR/xhtml1/DTD/xhtml1-transitional.dtd">
<html xmlns="http://www.w3.org/1999/xhtml" xml:lang="en" lang="en">
 <head>
  <title>
</title>
<meta http-equiv="Content-Type" content="text/html;charset=utf-8" />
  <meta name='ocr-system' content='tesseract 3.04.00' />
  <meta name='ocr-capabilities' content='ocr_page ocr_carea ocr_par ocr_line ocrx_word'/>
</head>
<body>
  <div class='ocr_page' id='page_1' title='image "./piiixpontificis01ixgoog_0563.png"; bbox 0 0 3292 5275; ppageno 0'>
   <div class='ocr_carea' id='block_1_1' title="bbox 2222 444 2377 527">
    <p class='ocr_par' dir='ltr' id='par_1_1' title="bbox 2222 444 2377 527">
     <span class='ocr_line' id='line_1_1' title="bbox 2222 444 2377 527; baseline -0.006 0"><span class='ocrx_word' id='word_1_1' title='bbox 2222 444 2377 527; x_wconf 78' lang='lat'>169</span> 
     </span>
    </p>
   </div>
   <div class='ocr_carea' id='block_1_2' title="bbox 477 727 2161 913">
    <p class='ocr_par' dir='ltr' id='par_1_2' title="bbox 477 727 2161 913">
     <span class='ocr_line' id='line_1_2' title="bbox 477 727 2161 791; baseline 0 -8"><span class='ocrx_word' id='word_1_2' title='bbox 477 730 779 785; x_wconf 64' lang='lat' dir='ltr'>cntrvno</span> <span class='ocrx_word' id='word_1_3' title='bbox 833 731 914 781; x_wconf 79' lang='grc' dir='ltr'>ΕΤ</span> <span class='ocrx_word' id='word_1_4' title='bbox 977 730 1302 781; x_wconf 65' lang='lat' dir='ltr'>cumulem</span> <span class='ocrx_word' id='word_1_5' title='bbox 1357 730 1582 781; x_wconf 69' lang='lat' dir='ltr'>smc&#39;rl</span> <span class='ocrx_word' id='word_1_6' title='bbox 1636 730 1841 781; x_wconf 66' lang='lat' dir='ltr'>nicom</span> <span class='ocrx_word' id='word_1_7' title='bbox 1880 731 1963 784; x_wconf 69' lang='lat' dir='ltr'>DE</span> <span class='ocrx_word' id='word_1_8' title='bbox 1997 727 2161 791; x_wconf 53' lang='lat' dir='ltr'>&gt;cvm</span> 
     </span>
     <span class='ocr_line' id='line_1_3' title="bbox 949 852 1813 913; baseline -0.002 -10"><span class='ocrx_word' id='word_1_9' title='bbox 949 854 1013 904; x_wconf 80' lang='lat' dir='ltr'>m</span> <span class='ocrx_word' id='word_1_10' title='bbox 1069 852 1277 905; x_wconf 72' lang='lat' dir='ltr'>REGHO</span> <span class='ocrx_word' id='word_1_11' title='bbox 1335 852 1683 905; x_wconf 73' lang='grc' dir='ltr'><strong>ΙΙΙΒΡΔΜΟΟ.</strong></span> <span class='ocrx_word' id='word_1_12' title='bbox 1804 904 1813 913; x_wconf 64' lang='lat'>‚</span> 
     </span>
    </p>
   </div>
   <div class='ocr_carea' id='block_1_3' title="bbox 1004 1358 1628 1501">
    <p class='ocr_par' dir='ltr' id='par_1_3' title="bbox 1004 1358 1628 1501">
     <span class='ocr_line' id='line_1_4' title="bbox 1004 1358 1628 1501; baseline -0.003 -48"><span class='ocrx_word' id='word_1_13' title='bbox 1004 1358 1628 1501; x_wconf 70' lang='lat' dir='ltr'>DECRETVM</span> 
     </span>
    </p>
   </div>
   <div class='ocr_carea' id='block_1_4' title="bbox 391 1630 2259 1811">
    <p class='ocr_par' dir='ltr' id='par_1_4' title="bbox 391 1630 2259 1811">
     <span class='ocr_line' id='line_1_5' title="bbox 744 1630 1903 1685; baseline -0.003 0"><span class='ocrx_word' id='word_1_14' title='bbox 744 1634 984 1685; x_wconf 70' lang='lat' dir='ltr'>SAanss</span> <span class='ocrx_word' id='word_1_15' title='bbox 1045 1632 1583 1685; x_wconf 68' lang='lat' dir='ltr'>conant-:outonis</span> <span class='ocrx_word' id='word_1_16' title='bbox 1636 1630 1903 1683; x_wconf 60' lang='lat' dir='ltr'>coricum!</span> 
     </span>
     <span class='ocr_line' id='line_1_6' title="bbox 391 1752 2259 1811; baseline -0.001 -1"><span class='ocrx_word' id='word_1_17' title='bbox 391 1756 804 1810; x_wconf 68' lang='lat' dir='ltr'>Avc&#39;ronmrss</span> <span class='ocrx_word' id='word_1_18' title='bbox 862 1755 1066 1807; x_wconf 70' lang='lat' dir='ltr'>SVMHO</span> <span class='ocrx_word' id='word_1_19' title='bbox 1119 1754 1448 1806; x_wconf 65' lang='lat' dir='ltr'>Pomm-&#39;lca</span> <span class='ocrx_word' id='word_1_20' title='bbox 1507 1752 1608 1805; x_wconf 76' lang='lat'>1³10</span> <span class='ocrx_word' id='word_1_21' title='bbox 1663 1752 1815 1803; x_wconf 81' lang='grc' dir='ltr'>ΡΔΡΔ</span> <span class='ocrx_word' id='word_1_22' title='bbox 1872 1754 1963 1804; x_wconf 79' lang='lat' dir='ltr'>lx·</span> <span class='ocrx_word' id='word_1_23' title='bbox 2022 1756 2259 1811; x_wconf 74' lang='lat' dir='ltr'>LATvu.</span> 
     </span>
    </p>
   </div>
   <div class='ocr_carea' id='block_1_5' title="bbox 260 2076 2411 4434">
    <p class='ocr_par' dir='ltr' id='par_1_5' title="bbox 260 2076 2411 3092">
     <span class='ocr_line' id='line_1_7' title="bbox 264 2076 2375 2257; baseline 0 -18"><span class='ocrx_word' id='word_1_24' title='bbox 264 2076 492 2239; x_wconf 75' lang='lat' dir='ltr'>Inter</span> <span class='ocrx_word' id='word_1_25' title='bbox 542 2165 798 2249; x_wconf 82' lang='lat' dir='ltr'>damna</span> <span class='ocrx_word' id='word_1_26' title='bbox 851 2163 1264 2257; x_wconf 77' lang='lat' dir='ltr'>gravissima</span> <span class='ocrx_word' id='word_1_27' title='bbox 1303 2181 1438 2245; x_wconf 81' lang='lat' dir='ltr'>nee</span> <span class='ocrx_word' id='word_1_28' title='bbox 1471 2181 1779 2256; x_wconf 81' lang='lat' dir='ltr'>unquam</span> <span class='ocrx_word' id='word_1_29' title='bbox 1826 2165 1999 2237; x_wconf 81' lang='lat' dir='ltr'>satis</span> <span class='ocrx_word' id='word_1_30' title='bbox 2046 2166 2375 2255; x_wconf 69' lang='lat' dir='ltr'>lugenda,</span> 
     </span>
     <span class='ocr_line' id='line_1_8' title="bbox 263 2278 2381 2381; baseline -0 -20"><span class='ocrx_word' id='word_1_31' title='bbox 263 2286 518 2381; x_wconf 86' lang='lat' dir='ltr'>quibus</span> <span class='ocrx_word' id='word_1_32' title='bbox 574 2286 832 2359; x_wconf 85' lang='lat' dir='ltr'>iamdiu</span> <span class='ocrx_word' id='word_1_33' title='bbox 887 2285 1310 2359; x_wconf 75' lang='lat' dir='ltr'>catholicum</span> <span class='ocrx_word' id='word_1_34' title='bbox 1345 2278 1843 2377; x_wconf 78' lang='lat' dir='ltr'>Hispaniarum</span> <span class='ocrx_word' id='word_1_35' title='bbox 1881 2281 2202 2377; x_wconf 67' lang='lat' dir='ltr'>Regnum</span> <span class='ocrx_word' id='word_1_36' title='bbox 2258 2306 2381 2360; x_wconf 88' lang='lat' dir='ltr'>an-</span> 
     </span>
     <span class='ocr_line' id='line_1_9' title="bbox 263 2403 2379 2500; baseline 0.001 -23"><span class='ocrx_word' id='word_1_37' title='bbox 263 2408 476 2500; x_wconf 77' lang='lat' dir='ltr'>gitur,</span> <span class='ocrx_word' id='word_1_38' title='bbox 519 2420 594 2478; x_wconf 87' lang='lat' dir='ltr'>et</span> <span class='ocrx_word' id='word_1_39' title='bbox 633 2405 1102 2478; x_wconf 82' lang='lat' dir='ltr'>miserandum</span> <span class='ocrx_word' id='word_1_40' title='bbox 1159 2403 1224 2475; x_wconf 92' lang='lat' dir='ltr'>in</span> <span class='ocrx_word' id='word_1_41' title='bbox 1279 2404 1564 2477; x_wconf 88' lang='lat' dir='ltr'>modum</span> <span class='ocrx_word' id='word_1_42' title='bbox 1621 2406 1953 2498; x_wconf 78' lang='lat' dir='ltr'>affligitur</span> <span class='ocrx_word' id='word_1_43' title='bbox 2006 2407 2267 2479; x_wconf 87' lang='lat' dir='ltr'>nedum</span> <span class='ocrx_word' id='word_1_44' title='bbox 2306 2408 2379 2479; x_wconf 91' lang='lat' dir='ltr'>in</span> 
     </span>
     <span class='ocr_line' id='line_1_10' title="bbox 261 2523 2411 2618; baseline -0 -17"><span class='ocrx_word' id='word_1_45' title='bbox 261 2528 474 2601; x_wconf 86' lang='lat' dir='ltr'>rebus</span> <span class='ocrx_word' id='word_1_46' title='bbox 523 2527 878 2611; x_wconf 71' lang='lat' dir='ltr'>civilibus,</span> <span class='ocrx_word' id='word_1_47' title='bbox 939 2525 1353 2599; x_wconf 85' lang='lat' dir='ltr'>sedetiam</span> <span class='ocrx_word' id='word_1_48' title='bbox 1403 2523 1472 2597; x_wconf 86' lang='lat' dir='ltr'>in</span> <span class='ocrx_word' id='word_1_49' title='bbox 1527 2526 1825 2618; x_wconf 76' lang='lat' dir='ltr'>negotiis</span> <span class='ocrx_word' id='word_1_50' title='bbox 1882 2525 2411 2601; x_wconf 80' lang='lat' dir='ltr'>ecelesiasticis·</span> 
     </span>
     <span class='ocr_line' id='line_1_11' title="bbox 265 2643 2385 2733; baseline -0.002 -11"><span class='ocrx_word' id='word_1_51' title='bbox 265 2649 498 2722; x_wconf 81' lang='lat' dir='ltr'>studio</span> <span class='ocrx_word' id='word_1_52' title='bbox 547 2661 622 2720; x_wconf 87' lang='lat' dir='ltr'>et</span> <span class='ocrx_word' id='word_1_53' title='bbox 671 2649 944 2721; x_wconf 82' lang='lat' dir='ltr'>malitia</span> <span class='ocrx_word' id='word_1_54' title='bbox 1000 2646 1300 2722; x_wconf 83' lang='lat' dir='ltr'>filiorum</span> <span class='ocrx_word' id='word_1_55' title='bbox 1355 2643 1560 2720; x_wconf 82' lang='lat' dir='ltr'>huius</span> <span class='ocrx_word' id='word_1_56' title='bbox 1615 2645 1926 2733; x_wconf 81' lang='lat' dir='ltr'>saeculi,</span> <span class='ocrx_word' id='word_1_57' title='bbox 1984 2647 2159 2722; x_wconf 74' lang='lat' dir='ltr'>iliud</span> <span class='ocrx_word' id='word_1_58' title='bbox 2212 2649 2385 2723; x_wconf 85' lang='lat' dir='ltr'>nlti-</span> 
     </span>
     <span class='ocr_line' id='line_1_12' title="bbox 262 2767 2385 2864; baseline -0.001 -19"><span class='ocrx_word' id='word_1_59' title='bbox 262 2791 451 2845; x_wconf 86' lang='lat' dir='ltr'>mum</span> <span class='ocrx_word' id='word_1_60' title='bbox 503 2769 696 2843; x_wconf 81' lang='lat' dir='ltr'>haud</span> <span class='ocrx_word' id='word_1_61' title='bbox 757 2779 950 2841; x_wconf 87' lang='lat' dir='ltr'>tenet</span> <span class='ocrx_word' id='word_1_62' title='bbox 1003 2767 1260 2853; x_wconf 83' lang='lat' dir='ltr'>locum,</span> <span class='ocrx_word' id='word_1_63' title='bbox 1298 2768 1492 2864; x_wconf 85' lang='lat' dir='ltr'>quod</span> <span class='ocrx_word' id='word_1_64' title='bbox 1539 2767 1889 2860; x_wconf 80' lang='lat' dir='ltr'>superiori</span> <span class='ocrx_word' id='word_1_65' title='bbox 1945 2791 2135 2843; x_wconf 87' lang='lat' dir='ltr'>anno</span> <span class='ocrx_word' id='word_1_66' title='bbox 2188 2770 2385 2843; x_wconf 87' lang='lat' dir='ltr'>inee-</span> 
     </span>
     <span class='ocr_line' id='line_1_13' title="bbox 263 2889 2383 2987; baseline 0.001 -25"><span class='ocrx_word' id='word_1_67' title='bbox 263 2893 396 2987; x_wconf 84' lang='lat' dir='ltr'>pit,</span> <span class='ocrx_word' id='word_1_68' title='bbox 437 2903 510 2964; x_wconf 89' lang='lat' dir='ltr'>et</span> <span class='ocrx_word' id='word_1_69' title='bbox 543 2891 950 2982; x_wconf 82' lang='lat' dir='ltr'>nuperrime</span> <span class='ocrx_word' id='word_1_70' title='bbox 1007 2890 1316 2964; x_wconf 77' lang='lat' dir='ltr'>maximo</span> <span class='ocrx_word' id='word_1_71' title='bbox 1369 2891 1691 2966; x_wconf 85' lang='lat' dir='ltr'>omnium</span> <span class='ocrx_word' id='word_1_72' title='bbox 1744 2889 2087 2964; x_wconf 86' lang='lat' dir='ltr'>bonorum</span> <span class='ocrx_word' id='word_1_73' title='bbox 2138 2890 2383 2964; x_wconf 86' lang='lat' dir='ltr'>dolore</span> 
     </span>
     <span class='ocr_line' id='line_1_14' title="bbox 260 3021 1873 3092; baseline 0.001 -7"><span class='ocrx_word' id='word_1_74' title='bbox 260 3022 811 3088; x_wconf 78' lang='lat' dir='ltr'>consummatum</span> <span class='ocrx_word' id='word_1_75' title='bbox 865 3021 994 3082; x_wconf 88' lang='lat' dir='ltr'>est.</span> <span class='ocrx_word' id='word_1_76' title='bbox 1236 3083 1246 3092; x_wconf 80' lang='grc'><strong>,</strong></span> <span class='ocrx_word' id='word_1_77' title='bbox 1866 3079 1873 3086; x_wconf 86' lang='grc'><strong>.</strong></span> 
     </span>
    </p>

    <p class='ocr_par' dir='ltr' id='par_1_6' title="bbox 262 3127 2395 4434">
     <span class='ocr_line' id='line_1_15' title="bbox 473 3127 2387 3225; baseline 0 -21"><span class='ocrx_word' id='word_1_78' title='bbox 473 3127 700 3206; x_wconf 86' lang='lat' dir='ltr'>Porro</span> <span class='ocrx_word' id='word_1_79' title='bbox 752 3132 872 3207; x_wconf 81' lang='lat' dir='ltr'>vix</span> <span class='ocrx_word' id='word_1_80' title='bbox 929 3152 1113 3204; x_wconf 85' lang='lat' dir='ltr'>anno</span> <span class='ocrx_word' id='word_1_81' title='bbox 1167 3129 1544 3225; x_wconf 80' lang='lat' dir='ltr'>praeterito</span> <span class='ocrx_word' id='word_1_82' title='bbox 1603 3151 1729 3222; x_wconf 84' lang='lat' dir='ltr'>per</span> <span class='ocrx_word' id='word_1_83' title='bbox 1793 3131 2109 3222; x_wconf 80' lang='lat' dir='ltr'>publicas</span> <span class='ocrx_word' id='word_1_84' title='bbox 2174 3129 2387 3224; x_wconf 84' lang='lat' dir='ltr'>ephe-</span> 
     </span>
     <span class='ocr_line' id='line_1_16' title="bbox 262 3248 2383 3339; baseline -0.001 -13"><span class='ocrx_word' id='word_1_85' title='bbox 262 3253 562 3326; x_wconf 81' lang='lat' dir='ltr'>merides</span> <span class='ocrx_word' id='word_1_86' title='bbox 617 3273 856 3326; x_wconf 86' lang='lat' dir='ltr'>rumor</span> <span class='ocrx_word' id='word_1_87' title='bbox 915 3253 1234 3338; x_wconf 79' lang='lat' dir='ltr'>incessit,</span> <span class='ocrx_word' id='word_1_88' title='bbox 1293 3251 1590 3326; x_wconf 86' lang='lat' dir='ltr'>alterum</span> <span class='ocrx_word' id='word_1_89' title='bbox 1644 3273 1727 3326; x_wconf 87' lang='lat' dir='ltr'>ex</span> <span class='ocrx_word' id='word_1_90' title='bbox 1790 3253 1947 3324; x_wconf 80' lang='lat' dir='ltr'>istis</span> <span class='ocrx_word' id='word_1_91' title='bbox 1982 3248 2383 3339; x_wconf 82' lang='lat' dir='ltr'>Canonieis,</span> 
     </span>
     <span class='ocr_line' id='line_1_17' title="bbox 263 3369 2387 3465; baseline -0 -19"><span class='ocrx_word' id='word_1_92' title='bbox 263 3374 444 3448; x_wconf 87' lang='lat' dir='ltr'>idest</span> <span class='ocrx_word' id='word_1_93' title='bbox 494 3369 780 3448; x_wconf 85' lang='lat' dir='ltr'>Petrum</span> <span class='ocrx_word' id='word_1_94' title='bbox 835 3369 1196 3460; x_wconf 87' lang='lat' dir='ltr'>Llorente,</span> <span class='ocrx_word' id='word_1_95' title='bbox 1249 3371 1462 3446; x_wconf 78' lang='lat' dir='ltr'>fnisse</span> <span class='ocrx_word' id='word_1_96' title='bbox 1517 3393 1558 3446; x_wconf 85' lang='lat' dir='ltr'>a</span> <span class='ocrx_word' id='word_1_97' title='bbox 1613 3374 1791 3446; x_wconf 81' lang='lat' dir='ltr'>laica</span> <span class='ocrx_word' id='word_1_98' title='bbox 1847 3382 2204 3465; x_wconf 80' lang='lat' dir='ltr'>potestate</span> <span class='ocrx_word' id='word_1_99' title='bbox 2256 3395 2387 3445; x_wconf 87' lang='lat' dir='ltr'>no—</span> 
     </span>
     <span class='ocr_line' id='line_1_18' title="bbox 263 3489 2387 3587; baseline -0.002 -19"><span class='ocrx_word' id='word_1_100' title='bbox 263 3497 606 3569; x_wconf 89' lang='lat' dir='ltr'>minatum</span> <span class='ocrx_word' id='word_1_101' title='bbox 663 3495 753 3577; x_wconf 83' lang='lat' dir='ltr'>ad</span> <span class='ocrx_word' id='word_1_102' title='bbox 807 3490 1426 3587; x_wconf 82' lang='lat' dir='ltr'>Metropolitanam</span> <span class='ocrx_word' id='word_1_103' title='bbox 1483 3489 1867 3568; x_wconf 84' lang='lat' dir='ltr'>Ecclesiam</span> <span class='ocrx_word' id='word_1_104' title='bbox 1904 3489 1977 3566; x_wconf 92' lang='lat' dir='ltr'>S.</span> <span class='ocrx_word' id='word_1_105' title='bbox 2009 3491 2245 3567; x_wconf 85' lang='lat' dir='ltr'>Iaeohi</span> <span class='ocrx_word' id='word_1_106' title='bbox 2300 3494 2387 3565; x_wconf 87' lang='lat' dir='ltr'>de</span> 
     </span>
     <span class='ocr_line' id='line_1_19' title="bbox 264 3613 2391 3710; baseline -0.001 -21"><span class='ocrx_word' id='word_1_107' title='bbox 264 3613 492 3701; x_wconf 74' lang='lat' dir='ltr'>Gaba,</span> <span class='ocrx_word' id='word_1_108' title='bbox 537 3628 758 3710; x_wconf 85' lang='lat' dir='ltr'>atque·</span> <span class='ocrx_word' id='word_1_109' title='bbox 795 3615 1078 3707; x_wconf 76' lang='lat' dir='ltr'>insuper</span> <span class='ocrx_word' id='word_1_110' title='bbox 1138 3637 1220 3686; x_wconf 83' lang='lat' dir='ltr'>ex</span> <span class='ocrx_word' id='word_1_111' title='bbox 1276 3616 1560 3707; x_wconf 82' lang='lat' dir='ltr'>publiea</span> <span class='ocrx_word' id='word_1_112' title='bbox 1601 3617 1807 3699; x_wconf 78' lang='lat' dir='ltr'>fama,</span> <span class='ocrx_word' id='word_1_113' title='bbox 1850 3617 2031 3688; x_wconf 81' lang='lat' dir='ltr'>facto</span> <span class='ocrx_word' id='word_1_114' title='bbox 2069 3635 2391 3708; x_wconf 84' lang='lat' dir='ltr'>compro-</span> 
     </span>
     <span class='ocr_line' id='line_1_20' title="bbox 264 3735 2387 3822; baseline -0 -15"><span class='ocrx_word' id='word_1_115' title='bbox 264 3738 460 3822; x_wconf 81' lang='lat' dir='ltr'>bata,</span> <span class='ocrx_word' id='word_1_116' title='bbox 519 3748 672 3810; x_wconf 88' lang='lat' dir='ltr'>erat</span> <span class='ocrx_word' id='word_1_117' title='bbox 729 3736 1142 3822; x_wconf 87' lang='lat' dir='ltr'>timendum,</span> <span class='ocrx_word' id='word_1_118' title='bbox 1183 3756 1272 3809; x_wconf 90' lang='lat' dir='ltr'>ne</span> <span class='ocrx_word' id='word_1_119' title='bbox 1333 3736 1492 3808; x_wconf 87' lang='lat' dir='ltr'>talis</span> <span class='ocrx_word' id='word_1_120' title='bbox 1549 3737 1693 3821; x_wconf 81' lang='lat' dir='ltr'>vir,</span> <span class='ocrx_word' id='word_1_121' title='bbox 1724 3737 1813 3808; x_wconf 84' lang='lat' dir='ltr'>iis</span> <span class='ocrx_word' id='word_1_122' title='bbox 1852 3735 2063 3807; x_wconf 86' lang='lat' dir='ltr'>animi</span> <span class='ocrx_word' id='word_1_123' title='bbox 2110 3735 2387 3806; x_wconf 84' lang='lat' dir='ltr'>dotibus</span> 
     </span>
     <span class='ocr_line' id='line_1_21' title="bbox 267 3853 2392 3951; baseline -0.002 -21"><span class='ocrx_word' id='word_1_124' title='bbox 267 3859 357 3930; x_wconf 89' lang='lat' dir='ltr'>ad</span> <span class='ocrx_word' id='word_1_125' title='bbox 384 3853 796 3950; x_wconf 74' lang='lat' dir='ltr'>Episcopale</span> <span class='ocrx_word' id='word_1_126' title='bbox 852 3878 1110 3941; x_wconf 83' lang='lat' dir='ltr'>munus</span> <span class='ocrx_word' id='word_1_127' title='bbox 1165 3857 1298 3930; x_wconf 86' lang='lat' dir='ltr'>rite</span> <span class='ocrx_word' id='word_1_128' title='bbox 1351 3870 1689 3951; x_wconf 87' lang='lat' dir='ltr'>reeteque</span> <span class='ocrx_word' id='word_1_129' title='bbox 1746 3856 2145 3930; x_wconf 83' lang='lat' dir='ltr'>obeundum</span> <span class='ocrx_word' id='word_1_130' title='bbox 2182 3854 2392 3927; x_wconf 86' lang='lat' dir='ltr'>mini-</span> 
     </span>
     <span class='ocr_line' id='line_1_22' title="bbox 265 3975 2391 4071; baseline 0 -22"><span class='ocrx_word' id='word_1_131' title='bbox 265 3999 378 4050; x_wconf 92' lang='lat' dir='ltr'>me</span> <span class='ocrx_word' id='word_1_132' title='bbox 432 3978 818 4071; x_wconf 77' lang='lat' dir='ltr'>praeditae,</span> <span class='ocrx_word' id='word_1_133' title='bbox 858 3978 1046 4069; x_wconf 80' lang='lat' dir='ltr'>regia</span> <span class='ocrx_word' id='word_1_134' title='bbox 1101 3976 1574 4052; x_wconf 84' lang='lat' dir='ltr'>nominatione</span> <span class='ocrx_word' id='word_1_135' title='bbox 1620 3979 1709 4051; x_wconf 86' lang='lat' dir='ltr'>ad</span> <span class='ocrx_word' id='word_1_136' title='bbox 1746 3997 1949 4050; x_wconf 79' lang='lat' dir='ltr'>suam</span> <span class='ocrx_word' id='word_1_137' title='bbox 1986 3975 2391 4070; x_wconf 80' lang='lat' dir='ltr'>explendam</span> 
     </span>
     <span class='ocr_line' id='line_1_23' title="bbox 267 4091 2387 4182; baseline -0.003 -8"><span class='ocrx_word' id='word_1_138' title='bbox 267 4099 716 4174; x_wconf 83' lang='lat' dir='ltr'>ambitionem</span> <span class='ocrx_word' id='word_1_139' title='bbox 744 4099 1146 4174; x_wconf 83' lang='lat' dir='ltr'>abuteretur</span> <span class='ocrx_word' id='word_1_140' title='bbox 1153 4099 1384 4182; x_wconf 80' lang='lat' dir='ltr'>,illico</span> <span class='ocrx_word' id='word_1_141' title='bbox 1417 4095 1673 4174; x_wconf 74' lang='lat' dir='ltr'>SSrims</span> <span class='ocrx_word' id='word_1_142' title='bbox 1697 4093 1882 4172; x_wconf 69' lang='grc' dir='ltr'>ΠΝ.</span> <span class='ocrx_word' id='word_1_143' title='bbox 1908 4093 2073 4170; x_wconf 84' lang='lat' dir='ltr'>Pius</span> <span class='ocrx_word' id='word_1_144' title='bbox 2096 4091 2237 4168; x_wconf 89' lang='lat' dir='ltr'>PP.</span> <span class='ocrx_word' id='word_1_145' title='bbox 2264 4092 2387 4168; x_wconf 82' lang='lat' dir='ltr'>tx.</span> 
     </span>
     <span class='ocr_line' id='line_1_24' title="bbox 265 4217 2395 4312; baseline 0 -20"><span class='ocrx_word' id='word_1_146' title='bbox 265 4241 348 4296; x_wconf 85' lang='lat' dir='ltr'>ex</span> <span class='ocrx_word' id='word_1_147' title='bbox 401 4219 752 4294; x_wconf 78' lang='lat' dir='ltr'>commissi</span> <span class='ocrx_word' id='word_1_148' title='bbox 809 4221 943 4294; x_wconf 86' lang='lat' dir='ltr'>sihi</span> <span class='ocrx_word' id='word_1_149' title='bbox 999 4219 1312 4294; x_wconf 80' lang='lat' dir='ltr'>coelitus</span> <span class='ocrx_word' id='word_1_150' title='bbox 1357 4221 1722 4312; x_wconf 75' lang='lat' dir='ltr'>pastoralis</span> <span class='ocrx_word' id='word_1_151' title='bbox 1760 4218 1969 4292; x_wconf 84' lang='lat' dir='ltr'>offleii</span> <span class='ocrx_word' id='word_1_152' title='bbox 2004 4217 2243 4292; x_wconf 84' lang='lat' dir='ltr'>debito</span> <span class='ocrx_word' id='word_1_153' title='bbox 2277 4239 2395 4292; x_wconf 71' lang='lat' dir='ltr'>ne·-</span> 
     </span>
     <span class='ocr_line' id='line_1_25' title="bbox 262 4331 2393 4434; baseline -0.001 -20"><span class='ocrx_word' id='word_1_154' title='bbox 262 4341 576 4432; x_wconf 74' lang='lat' dir='ltr'>medium</span> <span class='ocrx_word' id='word_1_155' title='bbox 632 4341 912 4434; x_wconf 82' lang='lat' dir='ltr'>aliquod</span> <span class='ocrx_word' id='word_1_156' title='bbox 967 4341 1446 4421; x_wconf 80' lang='lat' dir='ltr'>adhibendum</span> <span class='ocrx_word' id='word_1_157' title='bbox 1503 4341 1874 4414; x_wconf 75' lang='lat' dir='ltr'>iudicavit.</span> <span class='ocrx_word' id='word_1_158' title='bbox 1922 4331 2393 4428; x_wconf 77' lang='lat' dir='ltr'>Quamobrem</span> 
     </span>
    </p>
   </div>
  </div>
 </body>
</html>
