3292 5275
864 456 1021 543 366

865 601 1145 688 animis,
1200 595 1477 673 Fideles
1531 600 1758 673 saneti
1815 595 2104 673 lubilaei
2181 600 2456 675 tructus
2509 598 2808 692 adipisci
2865 622 3010 693 po·-

867 732 1101 799 terunt
1128 745 1156 810 3
1208 722 1357 795 sed·
1387 732 1464 797 ut
1516 742 1728 813 opera
1785 743 1922 814 qua
2006 742 2136 814 par
2183 734 2294 795 est
2349 720 2612 814 pietate
2697 722 3009 795 fiducia·-

863 866 1002 938 que
1056 842 1469 938 suscipiant,
1505 863 1629 934 per
1666 864 1846 935 quae
1903 843 2033 915 ltoc
2089 854 2370 917 tantum
2423 844 2588 917 boni
2645 844 2786 917 sint
2821 844 3009 917 ade-

862 963 1079 1059 pturi,
1135 976 1455 1040 vestrum
1508 965 1647 1039 erit
1701 966 2000 1047 efficere,
2055 975 2135 1037 ut
2211 967 2646 1056 intelligant,
2703 987 2783 1037 ac
2833 986 3008 1039 cer-

864 1098 1019 1159 tum
1068 1096 1145 1159 et·
1196 1106 1601 1178 persuasum
1659 1086 1982 1169 babeant,
2041 1086 2376 1161 relictum
2431 1108 2588 1161 esse
2643 1082 3006 1159 Ecclesiae

864 1230 905 1285 a
942 1208 1321 1293 mediatore
1370 1203 1501 1278 Dei
1564 1218 1635 1277 et
1695 1205 2058 1279 hominum
2096 1201 2378 1282 Christo
2437 1204 2593 1279 lesu
2661 1208 3008 1281 inexhau-

860 1342 1050 1404 stum
1106 1326 1518 1401 meritorum
1574 1345 1864 1401 suorum
1921 1329 2352 1413 thesaurum,
2411 1330 2666 1421 quibus
2723 1338 2798 1401 et
2859 1349 3008 1401 me-

862 1452 1003 1525 rita
1056 1449 1399 1526 accedunt
1478 1446 1937 1523 Beatissimae
1996 1444 2302 1539 Virginis
2357 1444 2747 1525 Genitricis
2805 1452 3002 1535 eiuS,

864 1568 1426 1664 Sanctorumque
1482 1573 1794 1644 omnium
1849 1572 1924 1643 vi
1979 1571 2307 1665 copiosae
2362 1572 2553 1662 apud
2611 1567 3002 1645 Dominum

866 1694 1363 1787 redemptionis
1400 1714 1487 1765 eo
1542 1691 1910 1783 dignitatis
1963 1704 2239 1775 evecta,
2273 1693 2478 1765 cuius
2533 1692 2826 1767 divitias
2882 1694 3006 1766 ho·

865 1816 1173 1891 minibus
1224 1814 1543 1887 dividere
1580 1815 1652 1885 in
1689 1811 2080 1887 eius-esset
2135 1824 2507 1907 potestate,
2541 1834 2752 1907 quem
2793 1812 3008 1887 Chri-

868 1948 1017 2011 stus
1102 1938 1253 2031 ipse
1328 1935 1609 2023 visibile
1693 1956 1820 2028 pro
1903 1956 1976 2007 se
2035 1935 2374 2005 invisibili
2429 1936 2502 2007 in
2559 1936 2808 2007 eadem
2875 1935 3012 2011 Ec-

866 2057 1079 2133 clesia
1134 2068 1347 2148 caput
1398 2054 1928 2143 constituisset3
1979 2058 2138 2127 eius
2195 2075 2448 2147 nempe
2505 2056 2840 2148 prudenti
2897 2080 3009 2131 ar·-

868 2176 1077 2250 bitrio
1130 2178 1382 2248 merita
1439 2178 1558 2248 illa
1616 2176 1818 2248 modo
1877 2174 2182 2268 amplius
2231 2175 2436 2249 modo
2473 2176 2736 2250 arctius
2779 2180 3010 2272 appli-

868 2299 1017 2379 cari
1072 2298 1260 2371 vivis
1316 2298 1407 2371 ad
1462 2296 1748 2369 modum
1815 2296 2299 2382 absolutionis,
2357 2296 2646 2371 mortuis
2703 2299 2802 2371 ad
2861 2321 3014 2371 mo-

862 2421 1035 2493 dum
1092 2416 1403 2508 suffragii
1462 2438 1698 2511 posse,
1753 2418 2094 2510 siquidem
2141 2417 2235 2492 illi
2295 2441 2416 2511 per
2477 2434 3008 2493 sacramentum

870 2537 1363 2621 Poenitentiae
1394 2542 1696 2631 ‚culpam
1733 2538 2100 2623 emissent,
2142 2550 2572 2634 aeternaque
2627 2562 2864 2633 poena
2901 2564 3012 2615 es—

869 2674 1029 2738 sent
1084 2661 1411 2746 absoluti,
1467 2661 1540 2736 hi
1598 2683 1771 2734 vero
1825 2663 1885 2734 si
1945 2682 2103 2734 cum
2157 2656 2304 2736 Deo
2359 2664 2660 2739 caritate
2713 2666 3017 2738 coniun-

864 2783 965 2854 cti
1003 2782 1415 2874 migrassent
1452 2803 1493 2878 p
1535 2784 1690 2855 vita
1723 2802 1754 2868 3
1801 2782 1881 2854 in
1923 2801 2006 2851 ea
2045 2801 2214 2852 vero
2253 2784 2664 2856 meritorum
2719 2787 3014 2858 illorum

867 2905 1332 2998 applicatione
1390 2903 1900 2990 indulgentiam
1983 2923 2140 2974 esse
2226 2905 2553 2994 positam,
2609 2927 2742 2998 per
2801 2930 3016 3000 quam

874 3026 1293 3116 temporales
1351 3044 1612 3116 poenae
1671 3023 1856 3114 apud
1913 3024 2229 3097 divinam
2288 3026 2642 3099 iustitiam
2709 3029 3014 3120 peccatis

867 3146 1149 3224 debitae
1205 3147 1363 3237 plus
1416 3143 1741 3216 minusve
1792 3146 2220 3230 relaxantur,
2262 3167 2388 3238 pro
2438 3147 2650 3220 modo
2705 3150 3016 3241 applica·-

860 3266 1111 3340 tionis·
1142 3288 1181 3338 a
1222 3266 1712 3358 dispensatore
1771 3265 2082 3338 thesauri
2139 3264 2328 3340 illius
2381 3262 2700 3342 Romano
2769 3265 3016 3342 Ponti-

870 3388 1000 3462 fice
1053 3389 1519 3470 constitutae,
1552 3366 1654 3456 'et
1709 3405 1916 3478 quam
1981 3382 2256 3460 Fideles
2311 3387 2398 3458 ad
2451 3406 2608 3462 eam
2677 3391 3012 3474 afferant,

878 3506 1431 3603 praeparationis
1466 3528 1484 3577 :
1526 3505 1833 3599 denique
1875 3509 2266 3598 plenariam
2303 3529 2454 3580 esse
2493 3508 3018 3600 indulgentiam

880 3624 1313 3712 lubilaei,.et
1372 3628 1462 3700 ab
1518 3626 1674 3698 aliis
1727 3629 1942 3700 etiam
1999 3630 2336 3720 plenariis
2387 3629 2854 3720 indulgentiis
2909 3633 3016 3704 di-

874 3752 1230 3836 stinctam,
1270 3769 1449 3841 quae
1500 3749 1577 3820 in
1616 3747 1902 3820 modum
1963 3744 2252 3824 lubilaei
2302 3751 2814 3836 conceduntur,
2853 3774 3024 3844 pro—

862 3884 1119 3966 ·pterea
1154 3871 1345 3964 quod
1380 3891 1567 3944 anno
1606 3868 1948 3947 solemnis
1987 3869 2448 3958 remissionis,
2483 3872 2602 3964 qui
2661 3867 3024 3946 lubilaeus

880 3992 1164 4077 dicitur,
1206 3990 1499 4084 amplior
1556 3991 2035 4084 poenitentiae
2071 3987 2418 4064 Ministris
2451 3993 2536 4066 ad
2593 3993 2724 4066 hoc
2785 3994 3032 4086 ipsum

856 4113 1273 4206 —oonstitatis
1344 4111 1679 4186 tribuitur
1743 4111 2036 4189 facultas
2091 4134 2132 4184 a
2189 4115 2496 4204 peccatis
2575 4113 3026 4200 absolve-udi,

880 4246 955 4308 et
1034 4234 1318 4311 vinnula
1400 4245 1613 4326 atque
1695 4233 2198 4325 impedimenta
2283 4231 2694 4318 relaxandi,
2755 4237 3026 4327 quibus

882 4371 1027 4430 non
1084 4373 1241 4429 raro
1298 4352 1785 4433 confitentium
1843 4350 2266 4428 conscientia
2345 4351 2743 4446 implicatur
2779 4375 2804 4426 z
2857 4355 3032 4428 dum
