3292 5275
882 463 1044 551 260

883 609 1036 682 dies
1073 611 1443 704 invalescit
1479 611 1823 687 acerrima
1858 615 2260 706 persecutio
2294 615 2637 692 adversus
2674 639 2797 694 eos
2826 641 3041 694 eom-

881 738 1071 804 mota
1129 731 1202 803 in
1257 726 1675 824 Germanico
1728 728 2031 826 Imperio
2093 755 2175 808 ae
2240 737 2683 828 potissimum
2736 737 2813 812 in
2866 735 3039 814 Bo-

887 855 1139 943 russin.

1089 975 1380 1064 Praeter
1415 979 1673 1054 multas
1702 991 1777 1050 et
1802 997 2055 1074 graves
2092 978 2391 1053 iniurias
2428 979 2819 1055 catholicae
2850 976 3037 1054 Ec-

882 1102 1134 1193 clesine
1189 1099 1532 1191 superiori
1588 1121 1773 1174 anno
1830 1100 2195 1204 irrogantem,
2253 1096 2689 1178 Gubernium
2742 1098 3039 1178 Berus-

883 1227 1108 1300 sicum
1161 1221 1552 1299 durissimis
1607 1233 1681 1292 et
1738 1222 2197 1316 iniquissimis
2260 1222 2549 1314 perlatis
2626 1223 2905 1314 legibus
2976 1249 3031 1300 a

881 1346 1176 1440 pristino
1223 1363 1428 1424 more,
1477 1363 1763 1433 prorsus
1816 1343 2068 1419 alienis
2124 1343 2529 1419 universam
2568 1339 3027 1419 clericorum

881 1466 1393 1540 institutionem
1427 1474 1501 1538 et
1538 1463 2029 1543 educationem
2062 1465 2281 1539 laicae
2330 1468 2665 1557 potestati
2704 1466 2809 1536 ita
2848 1466 3029 1536 sub-

879 1587 1072 1672 iecit,
1126 1597 1208 1657 ut
1262 1585 1350 1658 ad
1403 1587 1584 1662 hanc
1639 1590 1995 1675 pertineat
2048 1584 2400 1678 inquirere
2458 1605 2543 1656 ac
2594 1585 3027 1674 decernere,

877 1707 1224 1802 quomodo
1263 1706 1500 1788 clerici
1535 1706 1901 1781 erudiendi
1942 1728 2025 1781 ac
2060 1703 2365 1797 fingendi
2418 1708 2567 1780 sint
2618 1707 2713 1778 ad
2768 1728 3024 1782 sacer-

879 1829 1182 1902 dotalem
1239 1829 1458 1902 vitam
1513 1838 1586 1898 et
1641 1827 2063 1920 pastoralem
2088 1847 2117 1915 3
2172 1838 2383 1921 atque
2436 1827 2759 1910 ,ulterius
2838 1849 3025 1920 pro—

880 1948 1196 2042 grediens
1247 1949 1480 2024 eidem
1535 1948 1869 2040 potestati
1926 1951 2037 2025 ius
2092 1947 2345 2024 tribuit
2408 1948 2887 2042 cognoscendi
2938 1963 3023 2022 et

877 2069 1231 2146 iudicandi
1286 2069 1374 2148 de
1429 2068 1799 2146 collatione
1874 2069 2197 2148 cuiusvis
2272 2069 2485 2145 officii
2546 2081 2623 2140 et
2684 2067 3019 2144 beneficii

875 2195 1364 2276 ecelesiastici,
1421 2157 1634 2286 atque
1690 2194 1903 2265 etiam
1960 2212 2201 2268 sacros
2260 2188 2600 2268 Pastores
2652 2191 2883 2266 officio
2938 2203 3017 2262 et

876 2314 1220 2390 beneficio
1275 2315 1626 2408 privandi.
1686 2308 2063 2389 Praeterea
2136 2337 2279 2407 quo
2356 2313 2663 2387 celerius
2728 2325 2805 2388 et
2860 2315 3019 2406 ple-

877 2435 1032 2508 nius
1095 2435 1653 2510 ecclesinsticum
1719 2435 2025 2525 regimen
2080 2445 2154 2510 et
2206 2433 2689 2511 hierarchicae
2766 2436 3017 2508 subie-

874 2559 1134 2632 ctionis
1191 2558 1360 2630 ordo
1397 2558 1487 2630 ah
1525 2558 1675 2650 ipso
1712 2553 1993 2630 Christo
2024 2548 2325 2630 Domino
2365 2557 2799 2634 constitutus
2839 2557 3019 2632 sub-

873 2690 1306 2762 verteretur,
1341 2683 1544 2773 plurn
1598 2680 1689 2751 ab
1742 2678 1989 2751 iisdem
2043 2678 2311 2769 legibus
2365 2678 2623 2751 iniecta
2670 2690 2845 2753 sunt
2882 2682 3015 2751 im·

877 2802 1284 2894 pedimentn
1311 2796 1673 2891 Episcopis
1709 2800 2088 2892 quominus
2140 2820 2267 2892 per
2322 2818 2663 2873 censuras
2708 2820 3014 2891 poenas·-

877 2944 1012 3016 que
1069 2922 1440 2994 canonicas
1497 2922 1651 2993 sive
1706 2922 2101 2993 anirnarum
2172 2909 2426 3004 saluti,
2482 2920 2637 2993 sive
2712 2922 3011 2995 sanitati

868 3044 1238 3116 doctrinae
1291 3044 1366 3113 in
1419 3042 1669 3115 scholis
1724 3043 2117 3129 catholicis,
2176 3044 2327 3113 sive
2382 3044 2727 3137 obsequio
2778 3043 2931 3114 sihi
2966 3064 3013 3115 a

872 3166 1420 3237 clericis‘dehito
1447 3176 1847 3255 opportune
1879 3163 2355 3257 prospiciant:
2396 3184 2537 3237 uon
2576 3166 2789 3239 aliter
2818 3167 3011 3238 enim

857 3306 1004 3380 per
1053 3306 1178 3359 eas
1233 3286 1418 3379 leges
1475 3284 1578 3357 fas
1633 3296 1744 3358 est
1798 3279 2171 3376 Episcopis
2229 3284 2403 3355 haec
2477 3304 2733 3375 agere,
2792 3305 3007 3380 quam

855 3408 1074 3481 -iuxta
1128 3406 1456 3500 placitum
1507 3402 2231 3477 civilis-auctoritatis
2282 3415 2359 3477 et
2410 3404 2501 3477 ad
2552 3424 2881 3479 normam
2922 3406 3009 3481 ab

875 3530 1025 3623 ipsa
1078 3530 1528 3620 propositam.
1560 3522 1865 3599 Demum
1920 3525 2179 3616 nequid
2232 3525 2513 3597 deesset
2562 3546 2707 3619 quo
2768 3530 3011 3603 catho-

851 3650 1026 3721 -iica-
1061 3644 1380 3721 Ecclesia
1440 3649 1721 3739 penitus
1776 3646 2319 3738 opprimeretur,
2360 3649 2629 3738 regium
2688 3650 3001 3725 tribunal

851 3787 1004 3865 ·pr³o
1057 3767 1550 3841 ecclesiasticis
1605 3768 1913 3857 negotiis
1954 3766 2349 3841 institutum
2388 3768 2543 3853 fuit,
2570 3790 2715 3861 quo
2756 3772 3001 3845 vocari

872 3888 1150 3983 possint
1203 3885 1534 3981 Episcopi
1613 3891 1935 3981 snei-ique
1992 3884 2319 3959 Pastores
2388 3910 2553 3961 cum
2608 3912 2647 3959 a
2706 3892 3004 3982 privatis

871 4012 1268 4084 hominibus
1322 4010 1588 4103 qumis
1641 4009 1961 4093 subsunt,
2022 4021 2167 4081 tum
2204 4031 2248 4081 a
2286 4010 2581 4099 publicis
2636 4014 3003 4105 magistra·-

871 4128 1083 4216 tihuS,
1147 4143 1225 4203 ut
1279 4147 1558 4204 reorum
1615 4132 1841 4201 instar
1898 4128 2234 4201 iudicium
2300 4131 2745 4217 sustineant,
2800 4145 2879 4205 et
2930 4132 2995 4203 in

871 4255 1214 4326 exercitio
1271 4252 1649 4347 spiritualis
1702 4252 2015 4324 muneris
2074 4262 2595 4326 coerceantur.·

1081 4372 1199 4447 Sic
1252 4370 1570 4447 Ecclesia
1623 4368 1882 4445 Christi
1938 4374 2377 4453 sanctissima
2410 4420 2432 4459 2
2490 4373 2611 4451 eui
2668 4372 2989 4449 cotemni-
