3292 5275
2271 468 2450 553 349·

308 618 546 711 populi
586 612 863 688 fervore
900 617 1033 687 hoe
1068 610 1484 687 Beneficium
1521 615 2094 706 exceptum-fuit,
2127 622 2206 685 ut
2243 614 2430 685 idem

305 735 629 809 Pontifex
712 748 1131 829 perpetuum
1184 738 1260 806 in
1314 738 1491 807 hanc
1557 731 1818 806 Urbem
1896 735 2430 827 peregrinorum

308 874 431 953 per
486 868 707 937 tutum
762 856 1020 929 annum
1058 858 1477 931 concur-'sum
1532 857 1870 939 adfuisse,
1909 855 2424 947 et-·religionis,

306 976 621 1077 pietatiS,
662 978 849 1064 fidei,
902 982 1245 1063 caritatis,
1284 979 1734 1073 omniumque
1791 978 2134 1053 virtutum
2188 977 2430 1067 splen-

308 1106 549 1177 dorem
616 1104 685 1175 in
741 1124 821 1175 ea
908 1100 1195 1174 mirifice
1276 1100 1621 1174 eluxisse·
1667 1100 2033 1192 gratulari¹
2086 1098 2422 1191 potuerit.

306 1224 595 1303 Utinam
642 1250 721 1303 ea
779 1248 963 1297 nunc
1018 1220 1266 1297 Nostra
1306 1237 1377 1295 et
1413 1224 1856 1297 civili-um'ac
1911 1228 2270 1294 sacrarum
2310 1241 2430 1292 re-

306 1372 465 1421 rum
521 1340 844 1421 conditio
885 1360 1121 1433 esset,
1178 1359 1259 1420 ut
1309 1364 1551 1439 quam.
1608 1342 1894 1429 lubilaei
1969 1343 2254 1415 maximi
2311 1352 2434 1414 so·-

308 1470 737 1546 lemnitatem
796 1491 977 1542 anno
1061 1469 1267 1542 huius
1334 1468 1595 1541 saeculi
1659 1458 1861 1537 1850
1919 1475 2423 1567 occurrentem,

308 1605 595 1685 propter
648 1586 1036 1664 luctuosam
1096 1585 1481 1683 temporum
1520 1590 1868 1661 rationem
1926 1581 2081 1657 Nos‘
2107 1586 2428 1657 omittere

308 1715 697 1799 debuimus,
756 1735 941 1785 nunc
998 1702 1245 1784 saltem
1300 1713 1589 1783 feliciter
1649 1710 2000 1781 celebrare
2068 1728 2430 1800 possemus

308 1838 511 1908 iuxta
552 1848 865 1909 veterem
922 1835 1119 1904 illum
1161 1832 1372 1907 ritum
1408 1843 1481 1902 et
1533 1850 1825 1912 morem,
1863 1848 2080 1922 quem
2129 1828 2430 1901 maiores

308 1960 531 2031 nostri
584 1978 871 2030 servare
910 1950 1480 2028 consueverunt!
1542 1950 1660 2037 At,
1701 1949 1848 2023 Deo
1889 1950 1982 2022 sic
2021 1951 2434 2042 permitten-

310 2087 407 2161 te,
470 2098 609 2149 non
668 2080 871 2150 modo
912 2100 1048 2151 non
1109 2077 1421 2148 sublatae
1462 2076 1576 2146 sed
1620 2075 1872 2147 auctae
1912 2071 2132 2162 magis
2168 2072 2242 2143 in
2281 2070 2430 2143 dies

308 2188 473 2273 sunt
526 2220 815 2293 magnac
874 2199 1031 2270 illae
1087 2198 1557 2281 difficultate&
1614 2218 1797 2289 quae
1854 2196 2026 2267 tu'nc
2093 2196 2428 2285 temporis

308 2317 451 2392 Nos
508 2322 590 2391 ab
648 2319 1013 2392 indicendo
1076 2316 1385 2391 lubilaeo
1464 2318 1990 2411 prohibuerunt.
2056 2311 2434 2389 Verumta-‘

310 2462 465 2513 men
524 2452 931 2535 reputantes
984 2434 1127 2512 Nos
1164 2441 1395 2512 animo
1432 2446 1540 2514 ’tot
1579 2440 1764 2513 mala
1801 2460 1978 2533 quae
2035 2432 2432 2509 Ecclesiam

312 2566 653 2656 affligunt,
714 2572 813 2635 lot
869 2573 1161 2636 conatus
1216 2562 1517 2634 hostium
1574 2563 1728 2632 eius
1765 2562 1850 2631 ad
1907 2557 2166 2631 Christi
2223 2556 2434 2631 fidem

310 2707 403 2758 ex
460 2688 710 2758 animis
794 2684 1296 2769 revellendum,
1352 2686 1436 2756 ad
1494 2705 1736 2759 sanam
1819 2683 2219 2758 doctrinam
2268 2702 2432 2755 cor-

310 2809 765 2898 rumpendam
819 2817 893 2878 et
950 2807 1333 2900 impietatis
1394 2807 1589 2884 virus
1675 2807 2202 2902 propagandum
2259 2828 2436 2879 con-

310 2949 577 3012 versos,
638 2939 743 3000 tot
824 2929 1146 3000 seandala
1200 2951 1381 3022 quae
1464 2930 1537 3001 in
1615 2924 1900 3000 Christo
1983 2927 2430 3000 credentibus

308 3049 569 3143 ubique
624 3048 1074 3134 obiiciuntur,
1114 3052 1583 3143 corruptelam
1640 3069 1918 3121 morum
1955 3050 2096 3120 late
2133 3067 2432 3120 manan-

312 3178 483 3259 tem,
539 3193 617 3242 ac
678 3182 954 3264 turpem
1018 3173 1417 3244 divinorum
1500 3167 2114 3264 humanorumque
2171 3169 2432 3240 iurium

310 3293 745 3364 eversionem
804 3302 943 3364 tam
999 3295 1143 3364 late
1196 3293 1513 3366 diffusam
1572 3304 1680 3366 tot
1735 3291 2108 3366 fecundam
2177 3293 2432 3372 ruinis,

309 3435 492 3507 quae
548 3415 633 3484 ad
691 3413 916 3506 ipsum
979 3415 1151 3486 recti
1207 3435 1453 3486 sensus
1492 3415 1566 3487 in
1604 3411 1972 3488 hominum
2023 3412 2273 3486 animis
2331 3415 2435 3486 la-

309 3535 800 3607 befactandum
858 3546 1183 3627 spectat3
1220 3559 1301 3610 ac
1340 3535 1860 3610 considerantes
1903 3537 1973 3606 in
2015 3535 2208 3607 tauta
2263 3557 2436 3608 con·

312 3659 501 3748 gerie
558 3659 927 3740 malorum,
987 3661 1237 3730 maiori
1297 3647 1510 3732 etiam
1566 3655 1784 3732 Nobis
1841 3667 1974 3753 pro'
2030 3656 2434 3751 Apostolico

310 3771 565 3850 Nostro
622 3798 913 3852 munere
972 3801 1193 3852 curae
1248 3801 1399 3852 esse
1456 3780 1737 3865 dehere,
1797 3793 1876 3852 ut
1925 3781 2126 3866 fldeS,
2186 3779 2430 3872 religio

310 3921 393 3970 ac
446 3899 675 3989 pietas
758 3889 1125 3976 muniatur
1178 3923 1257 3972 ac
1312 3901 1571 3996 vigeat,
1626 3895 1736 3974 ut'
1775 3895 2059 3996 precum
2145 3901 2432 3995 spiritus

308 4021 453 4090 late
510 4019 839 4092 foveatur
892 4034 964 4092 et
1022 4035 1374 4113 augeatur,
1432 4035 1512 4096 ut
1565 4021 1746 4115 lapsi
1783 4023 1870 4096 ad
1909 4025 2143 4095 cordis
2198 4023 2438 4116 poeni·-

310 4141 610 4211 tentiam
650 4153 721 4212 et
762 4163 1021 4213 morum
1079 4143 1638 4216 emendationem
1697 4145 2100 4229 excitentur,
2143 4158 2224 4218 ut
2271 4165 2435 4236 pec·-

308 4271 490 4344 cata,
548 4281 733 4354 quac
818 4261 994 4332 iram
1078 4259 1207 4334 Dei
1270 4273 1701 4349 meruerunt,
1761 4265 2022 4336 sanctis
2061 4259 2070 4268 ’
2105 4264 2434 4358 operibus

312 4379 766 4467 redimantur,
824 4403 997 4474 quos
1055 4384 1137 4454 ad
1198 4385 1465 4458 fructus
1546 4386 1834 4458 maximi
1894 4381 2186 4468 Iubilaei
2245 4387 2434 4458 cele-
