3292 5275
860 630 1125 704 ciarum
1198 630 1541 705 hactenus
1593 629 2026 701 addictarum
2081 624 2598 701 Archidioeccsi
2673 622 3004 699 Bisunti-

862 754 1250 837 tinae„'nee
1286 768 1429 823 non
1485 752 1674 823 binis
1731 746 2188 823 Dioecesibus
2227 746 2307 819 S.
2343 746 2643 821 Dcodati
2683 761 2754 820 et
2789 746 3000 823 Nau-

858 874 1137 968 ceyensi
1178 893 1303 947 seu
1342 876 1557 946 etiam
1593 870 1931 945 Tullensi.
1973 868 2288 945 Subinde
2343 872 2590 944 maluit
2627 871 2988 963 deputare

857 994 1277 1068 hodiernum
1333 990 1762 1087 Episcopum
1827 986 2186 1066 Ecclesiae
2243 992 2782 1086 Argentinensis
2851 1016 2996 1067 seu

859 1114 1453 1208 strasburgensis,
1490 1136 1623 1208 qua
1683 1134 1934 1209 nempe
1993 1118 2302 1209 pertinet
2349 1116 2707 1187 dumtaxat
2745 1116 2834 1187 ad
2877 1138 3000 1187 re-

860 1240 1254 1333 spectivam
1292 1237 1978 1311 dismembrationem
2035 1250 2524 1329 poster-amque
2575 1240 2998 1329 incorpora-

860 1358 1115 1433 tionem
1172 1360 1484 1431 Iocorum
1538 1368 1611 1429 et
1669 1362 2157 1449 paroeciarum
2227 1355 2606 1431 hodiedum
2683 1358 2998 1431 coniun-

858 1490 1129 1554 ctarum
1182 1476 1509 1551 Dioecesi
1564 1474 1897 1564 Metensi,
1959 1481 2060 1553 uti
2118 1500 2330 1571 supra
2399 1480 2998 1552 circumscriben-

862 1602 993 1673 dae
1017 1620 1042 1689 3
1096 1602 1505 1673 modernum
1544 1612 1775 1672 autem
1831 1599 2264 1694 Episcopum
2305 1598 2670 1672 Ecclesiae
2713 1597 2998 1673 Meten-

862 1724 958 1793 sis
1014 1713 1104 1793 R.
1147 1718 1229 1793 P.
1274 1716 1694 1793 D.-Paulum
1749 1718 2125 1811 Georgium
2185 1716 2478 1795 Mariam
2533 1702 2825 1814 Dupont
2865 1722 2994 1795 des

862 1840 1113 1937 Leges,
1170 1862 1311 1936 qua
1384 1860 1635 1934 nempe
1705 1842 2140 1915 solummodo
2214 1844 2506 1915 interest
2563 1842 2648 1913 ad
2708 1846 2993 1936 praesi-

861 1966 1135 2057 gnatam
1210 1962 1904 2034 dismembrationem
1957 1976 2028 2035 et
2083 1964 2680 2058 subsequuturam
2755 1964 2996 2037 incor-

864 2085 1297 2177 porationem
1354 2085 1669 2157 locorum
1725 2096 1797 2157 et
1855 2082 2348 2159 paroeciarum
2409 2086 2747 2157 hactenus
2788 2087 3000 2158 addi-—

862 2216 1139 2279 ctarum
1193 2202 1517 2279 Dioecesi
1574 2202 2065 2301 Argentinensi
2125 2230 2246 2279 scu
2303 2204 2874 2298 strasburgensi.

1845 2442 1998 2519 XII.
2099 2440 2108 2449 ’

1078 2687 1343 2764 Harum
1398 2690 1682 2784 quidem
1737 2693 2120 2784 unicuique
2158 2687 2822 2782 Delegato-censuit
2867 2717 3004 2766 vc-

868 2815 1049 2886 niam
1108 2815 1333 2901 facere
1390 2821 1603 2906 atque
1642 2813 1816 2884 adeo
1857 2810 2216 2904 impertire
2275 2813 2676 2886 facultatem
2721 2815 2998 2884 subde-

865 2936 1141 3026 legandi
1202 2933 1284 3004 ad
1343 2934 1473 3004 hoc
1530 2932 2031 3024 perficiendum
2090 2936 2474 3022 negotium,
2533 2935 2742 3005 aliam
2799 2955 2994 3028 quo-

862 3074 1001 3150 que
1064 3074 1459 3146 personam,
1498 3055 1982 3147 quac-utique
2041 3055 2388 3144 probitate
2445 3067 2654 3147 atque
2715 3056 2999 3126 idonei-

866 3188 1008 3248 tate
1064 3177 1153 3248 sit
1215 3177 1531 3268 praedita
1586 3187 1664 3246 et
1717 3174 1788 3245 in
1851 3177 2336 3246 ecclesiastica
2419 3175 2758 3269 dignitate
2861 3175 3000 3248 iam

869 3298 1278 3369 constituta.

1835 3481 2024 3555 XIII.

783 3745 803 3752 ἠ
1077 3654 1477 3753 Unicuique
1530 3656 2239 3752 insuper‘Delegatm
2277 3659 2392 3733 vel
2437 3676 2682 3732 eorum
2735 3662 2994 3755 cuique

866 3776 1730 3869 Sumelegatosummus
1789 3782 1971 3854 idem
2027 3777 2348 3853 Pontifex
2423 3780 2832 3871 impertitus
2889 3797 2996 3856 est

870 3920 1111 3972 omnes
1148 3911 1223 3972 et
1278 3901 1587 3989 singulas
1640 3923 2120 3994 quascumque
2159 3900 2308 3973 sive
2365 3901 2800 3976 necessarias
2839 3903 2992 3978 sive

864 4031 1303 4113 npportunas
1336 4020 1727 4108 facultates,
1757 4035 1837 4094 ut
1867 4023 2000 4114 ipsi
2039 4017 2358 4112 Delegati
2387 4043 2782 4114 eorumque
2821 4019 2999 4096 Sub-

864 4143 1165 4233 delegati
1222 4143 1643 4234 singulatim,
1697 4165 1838 4236 qua
1891 4165 2015 4216 sua
2093 4146 2383 4216 interest
2439 4144 2724 4216 valeant
2779 4157 2994 4238 atque

854 4273 1191 4354 -satagant
1248 4285 1333 4336 ea
1385 4287 1707 4359 quaeque
1765 4266 2151 4359 inquirere,
2211 4247 2596 4346 declarare,
2639 4267 2991 4353 ordinare,

874 4384 1126 4468 facere,
1164 4397 1503 4474 statuere,
1534 4407 1615 4460 ac
1657 4385 1866 4460 etiam
1907 4407 2115 4480 super
2167 4385 2481 4482 qualibet
2541 4389 2984 4480 quaestione,
