3292 5275
842 467 945 560 GR

842 617 1184 710 nignitate
1236 622 1370 694 hoc
1424 616 1904 697 consistoriali
1957 619 2268 700 Decreto
2341 626 2669 704 definitae
2746 641 2964 727 atque

841 749 1171 812 Statulae.

1838 977 1936 1054 Iv

1048 1215 1434 1313 Propterea
1472 1213 1852 1294 Decretum
1903 1222 2059 1311 boc,
2091 1228 2456 1300 contrariis
2498 1229 2964 1323 quibuscum-

835 1364 973 1437 que
1028 1339 1331 1412 minime'
1369 1339 1822 1416 obstantibus
1862 1391 1883 1428 ,
1943 1341 2057 1418 vel
2123 1349 2223 1417 eis
2301 1349 2386 1418 ad
2463 1349 2590 1422 hoe
2667 1351 2958 1442 speciali

836 1481 1111 1557 qnoque
1148 1462 1343 1535 illata
1382 1461 1882 1552 derogatione,
1921 1467 2210 1559 perinde
2247 1467 2334 1538 ab
2373 1472 2696 1544 omnibus
2744 1471 2964 1546 habe-

836 1583 893 1654 ri
951 1585 1023 1654 in
1080 1593 1490 1676 perpetuum
1546 1583 1758 1656 iussit
1815 1581 2142 1658 Summus
2198 1582 2546 1674 Pontifex,
2610 1613 2690 1662 ae
2747 1594 2808 1664 si
2864 1595 2956 1667 de

835 1704 1053 1776 verbo
1107 1703 1192 1774 ad
1248 1703 1543 1774 verbum
1600 1703 1676 1776 in
1717 1705 2041 1797 superius
2083 1709 2319 1780 relatis
2349 1705 2772 1801 Apostolieis
2800 1708 2960 1788 Lit—

835 1827 1003 1896 teris
1059 1846 1118 1896 s.
1159 1845 1253 1894 m.
1312 1819 1629 1917 Gregorii
1669 1822 1809 1896 ΡΡ.
1843 1821 2002 1898 xv!
2048 1827 2297 1900 fuisset
2337 1832 2695 1919 relatum3
2739 1848 2954 1927 atque

834 1945 1123 2037 insuper
1185 1965 1329 2017 non
1406 1965 1611 2017 secus
1665 1967 1745 2018 ac
1803 1949 1862 2018 si
1920 1948 1992 2020 in
2053 1949 2125 2019 id
2180 1949 2441 2023 alterae
2498 1947 2954 2046 Apostolieae

830 2060 1141 2138 Litterae
1196 2065 1723 2152 declarationis,
1757 2068 1906 2140 sive
1961 2069 2096 2142 sub
2151 2070 2456 2160 plumbo,
2499 2073 2649 2146 sive
2687 2075 2758 2146 in
2797 2077 2956 2149 for-

831 2211 941 2261 ma
996 2185 1246 2264 Brevis
1304 2190 1598 2262 fuissent
1657 2189 1742 2262 de
1799 2209 1988 2262 more
2045 2191 2448 2284 expeditae.

1852 2425 1914 2500 V

1038 2668 1187 2745 Hoc
1240 2671 1453 2767 igitur
1505 2675 1712 2746 iussit
1767 2672 1934 2745 ferri
1989 2684 2059 2746 et
2114 2676 2391 2766 vulgari
2429 2670 2945 2751 Consistoriale

827 2788 1206 2867 Decretum
1242 2795 1330 2865 ad
1360 2791 1660 2867 Sanctae
1689 2790 2073 2885 RelIgionis
2111 2792 2512 2869 Catholicae
2551 2796 2952 2869 incremen-

828 2925 1004 3002 tum,
1062 2926 1274 3011 atque
1328 2916 1664 2987 maiorem
1723 2912 2150 3011 laciensium
2207 2917 2478 3009 civium
2533 2918 2950 2991 consolatio-

826 3055 1014 3122 nem,
1072 3048 1143 3108 et
1197 3038 1586 3124 honorem,
1642 3038 1718 3106 in
1775 3032 1972 3108 Actis
2031 3032 2283 3109 Sacrae
2340 3038 2700 3112 huiusmet
2751 3035 2948 3112 Con-

780 3158 1243 3253 ·gregationis
1297 3159 1407 3230 ad.
1440 3168 1848 3251 perpetuam
1906 3159 2007 3229 rei
2064 3178 2377 3230 normam
2423 3170 2496 3230 et
2531 3158 2942 3231 memoriam

826 3278 1361 3352 adservandum.

1037 3395 1295 3473 Datum
1334 3396 1599 3473 Romae
1634 3401 1769 3472 hae
1807 3398 1919 3470 die
1957 3397 2292 3473 vicesima
2329 3398 2636 3472 secunda
2679 3400 2943 3471 mensis

826 3516 1206 3625 Iuliianno
1245 3533 1607 3613 reparatae
1644 3522 2014 3593 hominum
2041 3522 2289 3595 salutis
2311 3520 2684 3593 'millesimo
2715 3522 2946 3593 octin-

702 3612 723 3635 ’
826 3641 1213 3731 gentesimo
1268 3642 1782 3735 septuagesimo
1839 3642 2171 3717 secundo.

1139 3878 1474 3955 Roosmvs
1528 3876 1958 3954 Amici-Mar
1978 3904 2080 3955 rm
2138 3878 2546 3954 Patriarcha
2602 3876 2948 3955 Constan-

1242 4003 1537 4096 tinopol.
1616 3997 1689 4072 S.
1755 3996 2336 4093 Congregationis
2411 4000 2941 4076 consistorialis

1244 4145 1287 4195 a
1342 4120 1676 4195 Secretis.
