3292 5275
2286 495 2451 592 219

539 641 574 724 i»
634 643 750 725 2·
802 627 1084 726 vicario
1137 647 1467 725 Generali
1521 645 1907 726 Casti-ensi.

537 794 572 844 a
637 769 744 843 3.⁰
797 769 1115 862 Quatuor
1169 769 1444 844 Militiis
1501 766 1745 844 Sancti
1804 751 2443 853 iacobi,'catatra-

326 917 362 964 »
425 915 604 982 vae,
659 889 1078 966 Alcantarae
1113 905 1188 966 et
1225 887 1614 964 Montesiae
1670 889 1757 964 ad
1815 909 2097 963 sensum
2156 909 2431 974 eorum,

329 1039 364 1086 ι
427 1035 606 1109 quae
663 1036 844 1087 nono
882 1013 1088 1086 buius
1123 1009 1630 1086 Conventionis
1688 1011 1985 1084 articulo
2042 1008 2444 1103 praedispo-

331 1158 366 1205 ι
431 1135 565 1207 sita
619 1145 786 1209 sunt
849 1155 884 1202 n
953 1129 1072 1228 (fd
1107 1143 1206 1206 est
1259 1128 1508 1231 quoad
1557 1150 1821 1204 novum
1874 1129 2314 1204 territorium
2366 1129 2459 1204 iis

333 1267 375 1328 n·
435 1251 1058 1352 constituendum).
1293 1351 1301 1359 .

547 1399 582 1446 κ
647 1369 759 1449 43
816 1372 1166 1449 Praelatis
1221 1373 1757 1478 Regularibum

547 1515 581 1564 >i
643 1487 756 1568 5.⁰
813 1491 1071 1568 Nuntio
1119 1493 1536 1587 Apostolico
1575 1513 1703 1586 pro
1740 1503 2059 1586 tempore
2094 1493 2283 1564 circa
2320 1485 2463 1564 Ec-

337 1639 372 1688 »
438 1615 724 1688 clesiam
799 1629 871 1689 et
947 1609 1480 1689 Xenodochium
1525 1611 1875 1692 Italorum
1946 1613 2033 1684 *in
2118 1615 2251 1686 hac
2306 1613 2457 1706 i'psa

339 1761 376 1808 n
443 1735 616 1809 urbe
673 1731 998 1834 (Matr-iti)
1055 1745 1394 1810 erectum.

551 1879 590 1928 ι)
653 1852 1002 1948 vigebunt
1040 1859 1208 1928 item
1251 1855 1586 1952 speciales
1625 1857 2027 1941 facultateS,
2061 1844 2467 1948 quaeCom-

338 2000 378 2047 r
441 1977 758 2050 missario
787 1974 1109 2050 Generali
1147 1971 1504 2050 cruciatae
1543 1977 1618 2047 in
1658 1975 1871 2050 rebus
1910 1973 2215 2049 officium
2254 1997 2463 2049 snum

340 2121 376 2167 n
445 2097 988 2190 respicientibus
1039 2099 1238 2171 iuxta
1289 2097 1749 2186 delegationis
1791 2093 2099 2169 Litteras
2150 2095 2465 2189 aliasque

340 2239 380 2289 w
443 2213 883 2310 Apostolicas
938 2217 1422 2290 eoncessiones
1481 2218 1939 2309 respondenta
1997 2239 2033 2286 ι)

549 2331 693 2408 Nos
751 2338 992 2431 itaque
1057 2334 1341 2430 spiritui
1391 2339 1480 2409 'et
1536 2338 1897 2430 proposito
1952 2333 2467 2410 Conventionis

331 2458 780 2532 inhaerentes
809 2507 832 2538 ‚
889 2456 959 2529 in
1016 2476 1155 2551 qua
1211 2462 1464 2530 malum
1545 2457 1859 2552 qnotidie
1929 2459 2367 2532 invalescens
2424 2477 2467 2529 a

339 2589 494 2653 tota
547 2573 838 2653 Natione
893 2581 1111 2651 simul
1161 2589 1234 2652 et
1288 2579 1532 2652 eodem
1615 2590 1938 2673 tempore
1993 2575 2467 2651 amoliendum

341 2702 574 2773 visum
631 2713 778 2786 est,
836 2720 995 2771 cum
1052 2701 1272 2773 coacti
1328 2702 1673 2773 fuerimus
1731 2719 2013 2772 omnem
2072 2718 2111 2771 a
2170 2698 2471 2771 remedio

343 2815 761 2893 dilationem
817 2822 1231 2894 submovere
1292 2820 1529 2915 quoad
1595 2836 1891 2915 quatuor
1944 2812 2285 2891 Militares
2340 2814 2486 2889 Or-

349 2940 594 3026 dineS,
651 2954 1129 3035 opportunum
1169 2944 1454 3015 omnino
1491 2922 1854 3014 censemus
1911 2960 2093 3024 esse,
2151 2939 2328 3010 idem
2384 2938 2483 3009 si·-

351 3061 489 3134 mul
547 3060 879 3137 adbibere
935 3064 1322 3137 remedium
1359 3064 1616 3135 ceteris
1654 3080 1931 3155 quoque
1970 3058 2293 3151 partibus
2348 3052 2477 3128 Hi·-

351 3186 758 3279 spaniarum
812 3186 1056 3257 eodem
1111 3184 1548 3257 incommodo
1605 3181 2104 3255 laborantibus.

567 3300 921 3393 Quocirca
959 3355 978 3390 ‚
1039 3304 1400 3399 exquisito
1483 3314 1697 3375 antea
1768 3296 1919 3372 VV.
1992 3296 2130 3371 FF.
2197 3288 2344 3370 NN.
2405 3292 2478 3370 S.

355 3420 449 3497 R.
491 3421 582 3497 E.
623 3420 1102 3498 cardinalium
1143 3434 1215 3496 et
1253 3424 1747 3497 nonnullorum
1784 3424 2001 3494 etiam
2047 3416 2483 3493 Dilectornm

357 3542 699 3619 Filiorum
756 3544 1110 3620 Romanae
1163 3542 1423 3619 Curiae
1476 3525 1889 3617 'Antistitum
1944 3542 2280 3628 consilio,
2334 3554 2489 3612 mo-

360 3678 444 3743 tu
521 3670 851 3763 proprio,
911 3682 1102 3742 certa
1159 3669 1454 3741 scientia
1487 3713 1508 3752 ,
1565 3668 1793 3759 deque
1847 3660 2282 3756 Apostolicae
2337 3656 2491 3734 No·-

358 3798 556 3863 strae
609 3790 974 3884 potestatis
1061 3788 1500 3885 plenitudine
1579 3786 1778 3859 hisce
1833 3782 2117 3857 Litteris
2170 3782 2493 3855 decerni·

357 3928 518 3984 mus
573 3922 646 3985 et
701 3912 1158 4006 exequutioni
1215 3910 1621 3983 mandamus
1678 3918 1951 4001 pactam
2004 3906 2143 3975 iam
2192 3915 2265 3976 et
2317 3923 2493 3975 con-

367 4046 658 4110 ventam
714 4035 1276 4126 suppressionem
1358 4040 1431 4104 et
1483 4030 1939 4103 abolitionem
1993 4026 2493 4131 universarum

365 4154 940 4227 iurisdictionum
996 4154 1626 4247 privilegiatorum,
1672 4152 2177 4240 cuiuscumque
2232 4142 2495 4238 speciei

368 4278 515 4348 sint
571 4285 646 4349 et
699 4269 1360 4369 quomodocumque
1412 4274 1879 4366 appellentur,
1913 4270 2003 4340 iis
2055 4282 2193 4339 non
2247 4267 2497 4338 exclu-

369 4396 503 4486 sis,
545 4415 724 4494 quae
759 4398 884 4473 *vel
918 4396 1045 4469 ad·
1067 4393 1314 4471 Sancti
1363 4392 1646 4468 loannis
1700 4388 2315 4486 Hierosolymitani
2363 4381 2501 4461 Or·-
