3292 5275
871 454 1023 541 198

806 660 809 663 ,
867 598 953 671 de
1010 599 1490 684 veneratione,
1546 618 1682 693 qua
1741 599 2153 675 documenta
2181 648 2204 685 ‚
2265 604 2680 697 regulasque
2735 626 2980 697 prose-

863 718 1249 811 quebantur
1302 719 1389 791 ab
1440 718 1577 793 ista
1632 718 1950 793 veritatis
2013 718 2344 811 magistra
2417 725 2832 816 propositae.
2903 722 2982 799 Id

864 850 1092 913 autem
1131 840 1442 915 securius
1494 839 1706 913 etiam
1749 852 2192 933 expectamus
2231 864 2272 913 a
2320 842 2456 915 fide
2493 857 2758 927 vestra,
2797 848 2980 939 quod

864 963 1125 1053 experti
1181 961 1572 1046 noveritis,
1655 974 1920 1055 quanta
1995 962 2506 1047 sollicitudine,
2591 980 2982 1061 quantoque

846 1082 1097 1157 'studio
1172 1064 1457 1155 Sancta.
1507 1085 1645 1155 ista
1723 1080 1942 1157 Sedes
2019 1085 2246 1177 gentis
2311 1096 2594 1159 vestrae
2671 1108 2982 1163 commo-

865 1201 1001 1285 dia,
1058 1201 1481 1278 incremento
1532 1214 1607 1277 et
1659 1202 1908 1276 honori
1963 1205 2360 1297 prospicere
2415 1206 2796 1293 curaverit,
2833 1208 2982 1281 sive

864 1344 907 1395 a
960 1322 1163 1396 vobis
1218 1325 1595 1427 avertendo
1651 1324 2246 1399 schismaticorum
2303 1325 2832 1413 insectationes,
2891 1328 2984 1401 si-

866 1466 955 1519 ve
1012 1446 1472 1539 comparando
1528 1446 1728 1519 vobis
1799 1442 2198 1519 libertatem
2264 1447 2492 1519 cultus
2529 1494 2552 1531 ,
2611 1448 2764 1523 sive
2819 1451 2986 1545 sub,-

865 1567 1181 1639 ducendo
1219 1586 1346 1639 vos
1412 1588 1453 1638 a
1507 1566 1668 1657 iugo
1723 1565 2316 1643 schismaticorum
2369 1562 2938 1646 Patriarcharum
2957 1620 2984 1658 ,

864 1690 1016 1761 sive
1070 1683 1551 1761 Primatialem
1606 1687 1838 1759 sedem
1891 1685 2492 1781 Constantinopoli
2547 1692 2988 1765 constituen-

862 1808 985 1895 do;
1034 1829 1247 1903 quae,
1304 1807 1597 1881 addictis
1653 1808 1718 1879 ei
1773 1806 2057 1902 primum
2111 1807 2568 1899 suffraganeis
2605 1806 2980 1897 Ecclesii8‚

867 1921 1143 2003 demam
1176 1950 1297 2023 per
1335 1928 1898 2003 coniunctionem
1953 1930 2112 2001 eius
2151 1950 2304 2001 cum
2343 1924 2826 2005 patriarchatu
2861 1929 2988 2005 Ci-

866 2051 1069 2123 liciae
1112 2050 1441 2123 decorata
1508 2050 1643 2123 tuit
1711 2045 2156 2123 Patriarchae
2237 2038 2810 2124 commoratione,
2879 2050 2986 2125 lta

867 2183 949 2247 ut
983 2192 1421 2265 quocumque
1478 2169 1852 2243 intendatis
1905 2172 2142 2245 oculos
2179 2170 2580 2263 conspicere
2630 2171 2982 2259 debeatiS,

868 2293 1208 2383 vigorem,
1261 2290 1684 2375 libertatem,
1715 2290 1954 2377 decus,
2009 2290 2264 2384 quibus
2304 2290 2648 2376 fruimini,
2689 2304 2986 2386 accepta

863 2410 1305 2505 potissimum
1358 2432 1515 2485 esse
1568 2410 1925 2486 referenda
1981 2408 2212 2483 studio
2267 2411 2338 2481 in
2395 2429 2520 2483 vos
2571 2422 2646 2483 et
2699 2411 3016 2491 affectui.

872 2532 1081 2607 huius
1132 2527 1205 2603 S.
1263 2527 1495 2619 Sedis;
1545 2543 1994 2625 vestrumque
2050 2542 2418 2624 propterea
2473 2532 2842 2618 interesse,
2899 2554 2988 2605 ne

868 2653 959 2725 ab
1012 2652 1131 2728 illa
1186 2654 1332 2727 ullo
1404 2653 1615 2726 modo
1669 2650 2096 2724 desciscatis.

1080 2767 1225 2846 Nec
1278 2773 1505 2865 decipi
1544 2773 1902 2865 patiamini
1955 2793 1996 2844 a
2049 2771 2412 2846 rebellium
2467 2773 2767 2856 artibus,
2825 2777 2984 2867 qui,

872 2905 954 2972 ut
1006 2913 1135 2968 vos
1190 2895 1275 2965 ad
1312 2914 1391 2966 se
1426 2895 1706 2968 facilius
1745 2893 2188 2985 pertrahant,
2235 2894 2500 2986 passim
2555 2907 2990 2979 asseverant,

875 3037 951 3088 se
1004 2999 1127 3090 su'a
1182 3015 1433 3107 agendi
1516 3015 1786 3086 ratione
1819 3061 1842 3096 ,
1913 3035 2038 3086 uec
2097 3036 2138 3086 a
2193 3011 2326 3086 fide
2407 3026 2482 3088 et
2541 3015 2990 3088 observantia

872 3131 1091 3210 Nobis
1145 3135 1381 3210 dehita
1416 3181 1439 3218 ,
1496 3156 1623 3206 nec
1679 3155 1717 3204 a
1771 3133 2278 3207 catholicorum
2361 3133 2588 3208 officio
2639 3133 2992 3222 deficere5

874 3257 995 3330 isti
1046 3255 1233 3328 enim
1286 3253 1491 3328 factis
1548 3265 1798 3346 negant
1853 3255 2045 3347 quod
2078 3252 2335 3326 verbis
2397 3253 2838 3328 confitentur.
2895 3247 2994 3326 Et

874 3397 1045 3450 sane
1096 3378 1218 3472 qui
1275 3375 1660 3468 praefracte
1715 3375 2106 3447 detrectant
2143 3387 2216 3446 et
2257 3386 2706 3448 contemnunt
2755 3386 2992 3448 aucto·

875 3499 1157 3570 ritatem
1208 3492 1712 3570 Successor-um
1762 3489 2015 3576 Petri,
2073 3494 2142 3566 in
2199 3495 2454 3589 quibus
2511 3490 2766 3568 Petrus
2819 3516 2992 3588 per-

876 3631 1089 3711 petuo
1142 3617 1373 3700 vivit,
1430 3627 1505 3688 et
1558 3635 1800 3688 eorum
1881 3615 2004 3709 qui
2061 3614 2192 3686 sibi
2247 3615 2334 3686 ab
2409 3615 2550 3688 illis
2616 3616 2990 3708 praepositi

875 3740 1191 3825 fuerunt3
1244 3738 1431 3810 facto
1486 3755 1615 3810 suo
1673 3736 2047 3827 primatum
2089 3736 2288 3810 illum
2323 3735 2715 3810 inficiantur
2767 3737 2996 3810 hono·-

877 3859 975 3932 ris
1028 3858 1239 3930 simul
1292 3867 1362 3928 et
1415 3853 1920 3928 iurisdictionis
1977 3857 2046 3926 in
2102 3857 2504 3930 universam
2561 3851 2990 3940 Ecclesiam,

876 3999 1083 4072 quem
1134 3973 1455 4050 Christus
1529 3970 1740 4048 Petro
1796 3978 2097 4049 contulit
2131 4023 2154 4058 ,
2227 3975 2396 4050 (lum
2449 3976 2778 4068 pascendi
2853 3997 2990 4049 non

878 4099 1113 4173 minus
1168 4117 1412 4186 agnos,
1466 4117 1678 4190 quam
1735 4115 1910 4170 oves
1969 4096 2188 4169 totius
2226 4094 2450 4190 gregis
2503 4097 2644 4182 sui,
2701 4117 2824 4170 seu
2879 4117 2996 4169 re·-

880 4217 1081 4310 geudi
1139 4211 1553 4303 Ecclesiam,
1606 4237 1750 4310 qua
1801 4217 1946 4288 late
2003 4226 2191 4309 patet
2247 4217 2320 4288 in
2372 4215 2540 4290 orbe
2598 4226 2770 4300 toto,
2827 4235 2994 4292 mu-

880 4358 1011 4414 nus
1062 4339 1131 4410 ei
1187 4337 1553 4411 commisit.
1608 4333 1752 4410 lam
1789 4357 1963 4412 vero
2001 4337 2068 4408 in
2108 4337 2241 4410 hoc
2279 4337 2486 4429 plane
2541 4357 2756 4419 censu
2807 4337 2994 4430 apud
