3292 5275
810 497 965 578 366

812 641 1015 710 ritate
1056 635 1493 728 Apostolicac
1532 633 1734 709 Sedis
1769 635 2295 712 Catholicorum
2325 634 2710 712 Orientalis
2743 641 2926 712 ritus

806 777 1040 830 euram
1112 768 1461 849 gererent,
1518 758 1925 851 exequenda
1993 770 2061 829 et
2137 759 2486 832 servanda
2565 771 2925 846 curarent,

804 899 985 972 quae
1039 876 1336 950 diversis
1396 876 1824 970 temporibus
1898 877 2262 951 memorati
2339 873 2926 951 praedecessores

804 993 1039 1071 Nostri
1092 991 1389 1071 Romani
1446 993 1831 1070 Pontifices
1871 999 1960 1070 ad
2017 998 2388 1090 spirituale
2429 999 2712 1071 illarum
2750 1019 2930 1090 gen-

807 1117 977 1189 tium
1014 1119 1323 1210 regimen
1359 1127 1746 1211 opportune
1785 1119 2349 1205 constituissent,
2387 1137 2518 1191 nee
2557 1139 2702 1190 non
2742 1115 2932 1213 Apo-

808 1239 1123 1310 stolicam
1176 1233 1429 1311 Sedem
1486 1238 1571 1310 de
1628 1249 1818 1312 statu
1875 1233 2382 1324 Ecclesiarum‚
2423 1238 2681 1334 quibus
2719 1239 2928 1314 advi-

806 1361 1131 1454 gilarent,
1189 1370 1510 1434 accurate
1566 1361 1920 1433 docerent.
1962 1355 2186 1454 Atque
2243 1359 2376 1434 hoe
2411 1379 2580 1433 sane
2635 1361 2930 1434 consilio

808 1478 1166 1554 constituti
1204 1482 1491 1555 fuerunt
1518 1477 1906 1573 Delegatus
1937 1477 2220 1566 Libani,
2249 1481 2369 1576 qui
2403 1491 2650 1574 postea
2677 1477 2926 1574 Syriae

808 1601 1035 1674 dictus
1108 1612 1240 1685 est,
1296 1613 1505 1695 atque
1560 1599 1950 1694 Apostolici
2027 1596 2344 1694 Delegati
2419 1615 2566 1673 tum
2631 1598 2928 1698 Aegypti

807 1735 1017 1816 atque
1056 1717 1378 1807 Arabiae,
1410 1735 1561 1795 tum
1591 1717 2169 1814 Mesopotamiae,
2203 1717 2586 1794 Armeniae
2613 1715 2928 1809 Minoris,

808 1837 1241 1927 Kurdistani,
1300 1865 1383 1916 ac
1440 1838 1776 1927 Persidis,
1833 1843 1958 1937 qui
2015 1861 2252 1915 omncs
2303 1863 2470 1934 erga
2525 1837 2928 1916 orientales

810 1962 881 2033 in
922 1963 1069 2035 suis
1110 1963 1506 2056 respective
1560 1957 2133 2054 Delegationibus
2185 1962 2516 2054 degentes
2555 1964 2926 2036 commisso

806 2103 1098 2156 munere
1157 2084 1567 2174 funguntur.

1018 2199 1158 2275 lam
1212 2225 1381 2276 vero
1436 2202 1759 2276 catholici
1797 2201 2038 2276 fideles
2092 2201 2432 2297 cuiusque
2483 2201 2656 2276 ritus
2695 2203 2770 2276 in
2805 2195 2930 2274 Vi-

807 2325 1085 2399 cariatu
1114 2319 1573 2398 Patriarchali
1604 2303 2382 2419 Constantinopolitano
2411 2335 2926 2397 commorantes

808 2441 1201 2538 Apostolici
1257 2439 1522 2516 Vicarii
1578 2445 1896 2518 eiusdem
1950 2443 2260 2517 civitatis
2315 2441 2723 2517 'auctoritati
2761 2445 2930 2518 sub-

802 2577 1030 2651 erant,
1090 2563 1295 2641 euius
1352 2563 1635 2659 quidem
1694 2566 2113 2660 peculiarem
2167 2585 2399 2636 curam
2447 2563 2654 2639 inter·
2685 2573 2928 2637 caete-

809 2706 925 2758 ros
980 2686 1307 2759 catholici
1365 2680 1680 2758 Armenii
1761 2686 1938 2757 ritus
2010 2686 2284 2778 experti
2367 2697 2562 2760 sunt.
2622 2680 2734 2757 Ex
2785 2706 2930 2779 quo

806 2817 1039 2877 autem
1094 2808 1213 2879 fel.
1244 2826 1455 2879 mem.
1495 2800 1668 2878 Pius
1707 2800 1864 2876 Vnt
1913 2800 2422 2879 Praedecessor
2477 2802 2730 2879 Noster
2783 2803 2930 2877 Ar-

806 2926 1393 3020 chicpiscopalem
1422 2939 1493 2998 et
1522 2921 1996 2999 Primatialem
2019 2922 2276 2998 Sedem
2305 2923 2708 2999 Armeniam
2745 2922 2932 2999 Con·

806 3048 1263 3140 stantinopoli
1302 3048 1559 3130 erexit,
1598 3067 1684 3119 ac
1721 3047 2013 3142 proinde
2043 3048 2120 3119 in
2149 3046 2570 3120 ordinariam
2609 3045 2926 3120 ciusdem

807 3168 1379 3239 iurisdictionem·
1398 3178 1763 3239 cesserunt
1793 3166 2032 3241 fideles
2063 3164 2376 3239 Armenii
2407 3164 2688 3261 Imperii
2713 3160 2931 3241 Otho-

777 3275 1067 3360 ⁵manici
1108 3290 1179 3359 in
1220 3297 1599 3360 memorata
1640 3282 1994 3359 Vicariatu
2029 3286 2442 3371 existentes,
2483 3308 2618 3360 non
2665 3287 2928 3361 ideireo

810 3420 1033 3483 totum
1070 3430 1235 3500 erga
1275 3408 1435 3480 illos
1472 3408 1878 3502 conquievit
1931 3404 2238 3483 officium
2285 3408 2630 3501 praedicti
2667 3403 2922 3481 Viearii

812 3526 1235 3623 Apostolici,
1280 3546 1493 3622 quem
1546 3529 1666 3599 fel.
1694 3547 1904 3601 mem.
1960 3524 2338 3623 Gregorius
2377 3522 2532 3600 xv}
2587 3524 2928 3600 Decessor

807 3644 1058 3723 Noster
1114 3670 1239 3741 per
1272 3644 1902 3739 Congregationern
1957 3642 2158 3721 Fidei
2199 3648 2682 3743 propagandae
2723 3670 2932 3742 prae-

800 3771 1107 3865 positam
1145 3790 1287 3844 non
1324 3770 1539 3842 semel
1592 3769 1980 3841 declaravit
2027 3792 2062 3837 ⁸
2105 3768 2362 3842 habere
2401 3771 2505 3842 ius
2546 3768 2926 3863 inspectio-

814 3915 850 3963 »
898 3889 1037 3974 nis,
1095 3908 1223 3985 per
1274 3890 1457 3984 quod
1510 3910 1760 3961 curare
1815 3888 2056 3978 dehet,
2112 3900 2192 3964 ut
2246 3891 2444 3965 iuxta
2509 3911 2748 3963 sacros
2803 3911 2930 3963 ca-

816 4034 852 4082 »
898 4032 1111 4085 nones
1166 4024 1241 4085 ct
1290 4010 1597 4083 eiusdem
1630 4004 2210 4102 Congregationis
2249 4010 2528 4083 decreta
2563 3996 2925 4084 Ecclesiae

818 4156 853 4203 ιο
903 4132 1179 4223 negotia
1234 4130 1926 4215 administrarentur,
1965 4132 2258 4228 eiusque
2312 4152 2468 4205 esse
2507 4132 2594 4206 ad
2649 4152 2926 4205 memo-

817 4276 853 4329 »
901 4264 1120 4328 ratam
1173 4248 1798 4349 congregationem
1851 4252 2142 4341 reterre,
2195 4255 2254 4327 si
2313 4270 2453 4349 qua
2507 4254 2626 4329 vel
2679 4274 2930 4331 emen-
