3292 5275
300 665 477 737 erga
531 639 671 718 Nos
726 645 957 716 filialis
999 645 1281 738 pietatis
1338 645 1747 718 testimonia
1780 654 1858 724 et
1893 645 2434 721 officia-tamdiu

298 775 378 838 et
440 775 584 838 tam
643 775 1170 858 perseveranter
1222 755 1434 837 edita.
1476 761 1619 837 Nos
1657 765 1878 848 enim,
1919 759 2134 858 quod-
2161 767 2248 838 ad
2287 761 2430 838 Nos

300 887 598 972 attinet,
626 868 791 960 cuin
820 895 1157 979 usurpare
1190 889 1341 960 iure
1374 887 1726 979 possimus
1755 885 1958 980 Regii
1982 881 2190 958 Vatis
2217 881 2432 958 verba

309 1033 345 1078 ι
416 1009 779 1081 incolatus·
827 1028 1025 1080 meus
1084 1011 1537 1100 prolongatus
1594 1015 1703 1080 est
1749 1031 1817 1090 n,
1857 1017 2254 1080 vestrarum
2287 1009 2434 1080 de·-

297 1131 790 1224 precationum
827 1151 959 1222 ope
1000 1128 1139 1200 iam
1179 1125 1429 1200 adrhoe
1470 1129 1894 1219 indigemuS,
1936 1139 2018 1200 ut
2057 1127 2428 1213 virtutem,-

294 1251 778 1344 fiduc-iamque
834 1229 1288 1342 assequamur
1343 1248 1680 1321 reddendi
1734 1250 2040 1321 animam
2087 1245 2428 1320 'Nostram

292 1367 676 1444 Pastorum
732 1367 1074 1464 principi,
1117 1371 1183 1439 in
1223 1370 1418 1441 cuius
1462 1370 1623 1442 sinu
1664 1381 1768 1442 est
1806 1358 2244 1461 refrigerium
2283 1391 2432 1441 ma-

293 1491 537 1565 lorum
576 1492 1021 1565 turbulentae
1055 1492 1377 1564 huius’et
1418 1511 1876 1564 aerumnosae
1916 1491 2113 1564 vitae
2145 1493 2218 1561 e't
2254 1490 2430 1562 bea-⁴

298 1619 425 1684 tus
484 1625 729 1705 portus
784 1591 1111 1684 aeternae
1164 1609 1692 1703 tranquillitatis
1748 1629 1826 1681 ac
1880 1612 2096 1702 pacis.

520 1727 615 1802 Ut
646 1743 879 1806 autem
918 1733 1001 1802 ad
1042 1731 1377 1804 maiorem
1406 1727 1535 1803 Dei
1568 1730 1856 1822 gloriam
1894 1731 2210 1824 proficiat
2241 1729 2426 1824 quod

298 1849 771 1926 Pontificatus
808 1849 1042 1925 Nostri
1076 1849 1438 1924 beneficiis
1478 1844 1563 1924 de
1602 1847 1780 1925 Eius
1816 1853 2140 1943 largitate
2189 1873 2429 1925 acces-

298 1975 430 2058 sit,
474 1975 947 2069 spiritualium
987 1974 1366 2065 gratiarum
1398 1975 1838 2046 thesaurum
1875 1973 2427 2047 hacoccasione

300 2107 733 2182 reseranteS,
789 2093 1031 2178 Vobis,
1090 2091 1537 2167 Venerabiles
1613 2091 1929 2177 Fratres,
2007 2103 2425 2188 potestatem

298 2217 605 2289 facimus
661 2227 739 2289 ut
798 2217 869 2286 in
928 2227 1165 2288 vestra
1221 2217 1519 2308 quisque
1575 2212 1927 2299 Dioecesi,
1963 2217 2081 2287 die
2117 2214 2428 2288 decimo-

300 2348 501 2410 sexto
540 2349 663 2410 aut
712 2338 1280 2429 vigesimop'rimo
1331 2337 1541 2408 huius
1598 2317 1892 2420 mensis,
1952 2344 2076 2408 aut
2135 2338 2278 2410 alio
2335 2331 2425 2409 ad

300 2471 627 2531 vestrum
682 2457 1046 2530 arbitrium
1102 2457 1421 2549 eligendo
1457 2451 2424 2548 Benedictlonem‘Papalem

298 2599 469 2652 cum
547 2578 1015 2673 applicatione
1090 2579 1447 2671 plenariae
1528 2576 1996 2669 indulgentiae
2065 2577 2138 2649 in
2200 2579 2422 2649 forma

297 2696 665 2773 Ecclesiae
704 2712 1043 2774 consueta
1082 2701 1505 2773 auctoritate
1560 2696 1818 2771 Nostra
1857 2696 2260 2792 Apostolica
2299 2698 2426 2769 im-

302 2824 563 2915 pertire-
613 2823 897 2913 possitis
934 2832 1006 2892 et
1036 2814 1355 2895 valeatis.
1398 2817 1764 2914 Spirituali
1803 2830 2044 2892 autem
2079 2817 2135 2892 F
2139 2820 2422 2894 idelium

298 2942 587 3015 utilitati
638 2940 1001 3013 consulere
1056 2942 1461 3033 cupienteS,
1516 2950 1764 3013 tenore
1801 2940 2280 3032 praesentium
2349 2943 2424 3013 in

299 3057 599 3133 Domino
637 3061 1121 3143 concedimuS,
1156 3070 1231 3130 ut
1264 3082 1508 3133 omncs
1536 3055 2042 3132 Christilideles
2079 3072 2224 3131 tam
2262 3082 2422 3133 sae-

298 3181 579 3252 culares
606 3201 811 3273 quam
844 3182 1199 3270 regulares
1223 3182 1595 3275 utriusque
1626 3202 1867 3262 sexus,
1879 3201 2316 3273 quocumque
2349 3182 2422 3253 in

298 3322 451 3395 {oco
488 3300 831 3394 cuiusque
870 3313 1187 3375 vestrum
1226 3296 1586 3373 Dioecesis
1644 3302 1982 3385 existant,
2015 3301 2138 3394 qui
2185 3324 2424 3377 sacra-

298 3422 593 3493 mentali
616 3421 1051 3493 coufessione
1081 3420 1347 3515 expiati
1385 3434 1457 3494 et
1484 3444 1682 3494 sacra
1711 3421 2202 3495 communione
2242 3428 2422 3496 refe-

297 3542 397 3613 cti
430 3542 581 3634 pias
613 3541 699 3612 ad
731 3536 961 3615 Deum
992 3564 1233 3635 preces
1265 3563 1391 3634 pro
1412 3534 1977 3616 Christianorum
2005 3522 2418 3635 Principum

296 3658 697 3747 concordia,
753 3663 1129 3736 haeresum
1185 3652 1658 3754 extirpatione
1713 3674 1784 3733 et
1820 3657 2118 3737 Sanctae
2172 3658 2418 3735 Matris

296 3778 655 3855 Ecclesiae
708 3783 1140 3855 exaltatione
1208 3780 1613 3865 effuderint,
1671 3804 1756 3855 eo
1809 3783 1954 3865 die,
2013 3804 2220 3876 quem
2275 3778 2418 3856 Vos

297 3903 383 3974 ad
440 3902 863 3996 praedictam
916 3898 1483 3975 Benedictionem
1538 3902 1964 3994 largiendam
2019 3924 2110 3974 ex
2165 3913 2420 3975 aucto-

297 4024 509 4096 ritate
582 4018 835 4095 Nostra
909 4023 1450 4115 designaveritis
1536 4036 1664 4096 aut
1740 4023 2118 4116 elegeritiS,
2173 4026 2289 4097 vel
2348 4024 2420 4096 in

296 4140 778 4229 DioecesihuS,
812 4145 929 4217 ubi
970 4140 1185 4215 Sedes
1222 4136 1667 4217 Cathedralis
1708 4156 1945 4229 vacet,
1985 4140 2254 4218 vicarii
2289 4137 2422 4217 Ca-

296 4267 630 4358 pitularcs
668 4286 795 4357 pro
836 4276 1146 4357 tempore
1182 4266 1563 4337 existentes
1618 4264 1954 4359 elegerint
1993 4278 2066 4339 et
2104 4268 2419 4358 designa·-

296 4384 549 4473 verint,
588 4386 903 4459 omnium
940 4396 1391 4478 peccatorum
1430 4406 1724 4461 suorum
1764 4388 2154 4479 plenariam
2195 4388 2416 4462 indul-
