3292 5275
840 497 949 579 84

1118 750 1739 849 DECRETVM
1801 747 2681 848 CONSISTORIALE

1752 1037 2059 1087 laciensis

1542 1160 1623 1208 DE
1687 1157 2267 1210 APPELLATtomnvs

1328 1281 1409 1328 An
1467 1279 1912 1330 nussam-«sn
1968 1278 2482 1332 UETROPomTu.

1797 1565 2012 1582 ἡ

848 1931 1277 2112 Abrogata
1336 2021 1647 2109 omnino,
1687 2043 1768 2094 ac
1805 2025 2029 2116 plane
2067 2021 2296 2095 deleta
2335 2043 2376 2094 a
2414 2018 2704 2096 Summo
2737 2030 2980 2096 aueto-

844 2151 1045 2214 rante
1083 2139 1426 2217 Pontifiee
1464 2138 1594 2214 Pio
1628 2143 1870 2216 divina
1906 2142 2350 2236 providentia
2391 2143 2606 2218 huius
2662 2143 2972 2214 nominis

844 2255 1041 2336 Nono
1114 2274 1482 2354 praetensa
1536 2257 1946 2353 Apostoliea
2005 2265 2080 2334 in
2133 2259 2382 2336 Sicilia
2441 2259 2830 2356 Legatione
2897 2283 2980 2336 ae

847 2379 953 2454 uti
1006 2381 1369 2456 dicebatur
1426 2379 1539 2454 Mo
1558 2381 1858 2456 nav-chia
1883 2431 1906 2469 ‚
1965 2402 2094 2456 nee
2157 2405 2299 2458 non
2364 2381 2599 2456 Iudice
2655 2384 2978 2474 delegato

846 2501 1141 2595 eiusque
1174 2499 1539 2576 Tribunali
1582 2525 1704 2594 per
1733 2500 2182 2596 Apostolieas
2215 2500 2524 2575 Litteras
2567 2502 2696 2574 sub
2735 2505 2978 2595 plum-

844 2621 936 2695 bo
990 2623 1187 2697 datas
1244 2625 1434 2717 apud
1472 2619 1544 2697 S.
1578 2619 1868 2697 Petrum
1925 2626 2178 2719 quinto
2219 2619 2565 2695 Kalendas
2605 2619 2973 2695 Februarii

846 2763 1036 2817 anno
1116 2745 1487 2819 millesimo
1570 2746 2146 2839 octingentesimo
2247 2746 2681 2835 sexagesimo
2772 2765 2980 2835 quar-

847 2872 921 2935 to
962 2854 1107 2965 (1),
1147 2886 1325 2958 quae
1370 2863 1714 2958 incipiunt
1760 2887 1794 2933 (ι
1839 2860 2196 2962 Suprema
2248 2863 2563 2937 universi
2609 2860 2978 2937 Dominici

847 2982 1079 3079 yreqis
1135 3006 1307 3057 cura
1351 3008 1383 3053 »
1450 2986 2016 3077 sapientissimae
2073 2986 2332 3056 mentis
2388 2980 2756 3055 Pontifieis
2811 3004 2980 3055 eon-

850 3105 1084 3177 silium
1140 3108 1355 3177 etiam
1410 3105 1572 3189 fuit,
1639 3117 1719 3178 ut
1783 3101 2065 3177 Siciliae
2117 3104 2758 3177 ecclesiasticarum
2816 3124 2982 3194 pro-

850 3222 1239 3307 vinciarum
1306 3222 1802 3299 Tribunalibus
1867 3238 1940 3297 et
2001 3221 2407 3309 IudieibuS‚
2473 3246 2556 3296 ae
2621 3225 2839 3295 etiam
2893 3220 2982 3294 il-

850 3344 1076 3417 larum
1148 3342 1622 3442 Ecclesiarum
1689 3342 2210 3438 Episcopalium
2283 3366 2465 3437 quae
2539 3340 2616 3415 S.
2674 3339 2982 3437 Aposto-

845 3464 1021 3537 lieae
1061 3460 1225 3536 Sedi
1281 3466 1685 3538 immediate
1748 3465 2234 3539 subiiciuntur
2288 3464 2757 3556 opportunius
2810 3484 2982 3535 eon-

850 3587 1227 3660 suleretur.
1262 3582 1467 3675 Quod
1506 3588 1792 3679 quidem
1849 3607 1973 3679 per
2031 3588 2290 3657 alteras
2352 3597 2980 3677 contemporaneas

852 3703 1293 3798 Apostolicas
1334 3704 1640 3779 Litteras
1699 3710 1772 3779 in
1833 3709 2060 3779 forma
2097 3704 2352 3779 Brevis
2409 3726 2596 3798 quae
2637 3706 2983 3796 incipiunt

864 3850 896 3895 (ι
942 3822 1179 3897 Multis
1232 3826 1665 3921 9ravissimis
1723 3848 1964 3925 aeque
2003 3848 2088 3899 ac
2125 3824 2524 3897 iustissimis
2562 3822 2792 3895 causis
2817 3844 2990 3920 per-

851 3945 1097 4019 moti»
1150 3960 1506 4038 peractum
1564 3958 2049 4041 statutumque
2108 3949 2266 4020 fuit.
2331 3939 2436 4044 (2)

1062 4061 1273 4139 Hisce
1312 4088 1485 4140 vero
1527 4069 1601 4139 in
1630 4064 1920 4140 Litteris
1953 4062 2370 4159 Apostolieis
2428 4066 2500 4137 in
2555 4067 2664 4137 for
2679 4086 2786 4135 ma
2816 4060 2984 4135 Bre-

1012 4296 1094 4381 (1)
1138 4296 1297 4362 Acta
1344 4298 1437 4362 Pii
1482 4298 1571 4363 IX
1614 4300 1748 4363 vol.
1794 4317 1857 4366 lv
1901 4318 2046 4381 pag.
2091 4296 2232 4363 338.

1014 4392 1096 4475 (2)
1138 4392 1295 4455 lbid.
1338 4412 1484 4475 pag.
1527 4390 1669 4458 351.
1711 4482 1720 4493 .
2173 4446 2182 4453 .
