3292 5275
903 614 1106 704 gibus
1159 611 1404 684 iisdem
1485 607 1933 703 poscentibus
1960 658 1985 695 ‚
2040 604 2307 685 Sancta
2364 610 2539 681 haec
2590 604 2807 681 Sedes
2864 629 3047 683 exe-

899 736 1028 804 mit
1083 733 1172 805 ab
1205 730 1747 805 ordinariorum
1798 730 2309 815 iurisdictione,
2366 752 2521 803 eam
2578 731 3041 803 committens

897 854 1262 951 Supremis
1319 855 1745 946 singulorum
1795 848 2147 925 ordinum
2202 848 2550 943 Magistris
2582 898 2605 933 ,
2666 850 2791 944 qui
2864 871 3037 941 pro-

898 990 1132 1072 pterea
1215 1000 1306 1050 ex
1390 978 1754 1067 utriusque
1816 975 2187 1066 potestatis
2260 970 2713 1045 concessione
2794 972 3043 1043 eccle-

898 1101 1254 1172 siasticam
1309 1096 1516 1169 simul
1579 1108 1653 1171 et
1704 1096 1984 1171 civilem
2038 1092 2587 1169 iurisdictionem
2660 1092 2761 1163 ibi
2812 1112 3042 1165 exer-

899 1220 1176 1293 cebant.

1105 1338 1342 1414 Serius
1393 1352 1632 1413 autem
1660 1390 1681 1426 ,
1736 1339 2038 1412 utilitate
2092 1332 2373 1428 publica
2430 1337 2503 1409 id
2558 1338 2967 1427 postulante
3006 1382 3035 1417 ,

894 1460 1154 1535 Sancta
1208 1462 1452 1534 eadem
1505 1457 1723 1533 Sedes
1778 1458 2265 1550 temporariam
2330 1460 2405 1529 in
2458 1453 2815 1529 Castellae
2876 1452 3037 1529 Le-

892 1584 1258 1676 gionisque
1314 1578 1540 1675 Reges
1597 1581 1959 1653 transtulit
2010 1579 2695 1653 administrationem
2750 1574 3039 1669 Supre-

891 1703 987 1773 mi
1044 1698 1424 1796 Magisterii
1480 1722 1727 1775 eorum
1766 1696 2145 1785 Ordinum,
2204 1701 2425 1773 donec
2462 1696 2863 1773 Hadrianus
2900 1694 3029 1781 VI,

891 1824 1196 1895 instante
1243 1820 1498 1897 Carolo
1535 1820 1596 1893 V
1652 1820 2105 1914 Imperatore,
2160 1822 2351 1914 quod
2404 1822 2491 1895 ad
2552 1834 2829 1913 tempus
2886 1820 3033 1895 da-

889 1955 1040 2019 tum
1095 1944 1345 2025 fuerat,
1404 1955 1747 2037 perpetuo
1804 1964 1991 2015 nexu
2048 1944 2279 2015 iunxit
2318 1943 2494 2017 solio
2534 1940 2886 2017 Castellae
2940 1954 3032 2017 et

886 2061 1212 2156 Legionis
1267 2087 1392 2158 per
1446 2061 1721 2137 Bullam
1788 2087 1823 2133 ι(
1884 2060 2075 2135 Dum
2147 2064 2341 2137 intra
2396 2058 2701 2137 Nostrae
2754 2063 3031 2135 mentis

885 2206 1154 2259 arcana
1213 2208 1246 2253 n
1311 2182 1447 2259 diei
1503 2178 1556 2259 5
1609 2184 1775 2259 maii
1836 2175 2075 2269 1521,
2138 2185 2325 2257 unde
2384 2186 2649 2259 factum
2703 2195 2869 2271 est,
2926 2197 3019 2259 ut

883 2310 972 2381 ad
1026 2320 1343 2380 extrema
1400 2328 1626 2399 usque
1682 2318 1995 2399 tempora
2057 2302 2281 2395 Reges
2328 2301 2827 2397 Hispaniarum
2884 2328 3023 2379 ec-

879 2432 1340 2505 clesiasticam
1395 2434 1470 2505 in
1523 2452 1608 2504 ea
1660 2431 2007 2505 territoria
2056 2430 2733 2502 administrationem
2790 2452 3023 2503 excr-

882 2555 1156 2625 cuerint
1209 2574 1336 2648 per
1393 2554 1735 2647 peculiare
1819 2552 2130 2625 tribunal
2188 2572 2273 2623 ex
2324 2552 2687 2644 equitibus
2742 2552 3023 2624 confla-

881 2684 1030 2745 tum
1087 2675 1513 2769 singulorum
1568 2669 1917 2746 Ordinum
1972 2685 2045 2746 et
2094 2673 2181 2744 ab
2236 2669 2629 2746 Ordinibus
2684 2667 3021 2745 Militari-

881 2795 1012 2868 bus
1070 2805 1614 2888 nuncupatum·

1089 2912 1300 2988 Anno
1356 2927 1588 2988 tamen
1647 2907 1844 2992 185¹
1912 2917 2079 2990 dum
2144 2926 2385 2988 aetum
2440 2926 2597 3000 est,
2654 2915 2759 2986 uti
2812 2915 3017 2988 dixi-

875 3055 1032 3108 mus
1064 3087 1085 3122 ‚
1140 3037 1226 3108 de
1285 3037 1624 3130 religiosis
1708 3039 1913 3110 rebus
1970 3037 2517 3129 componendis,
2574 3036 3017 3109 considerata

874 3157 1270 3229 conditione
1329 3155 1833 3232 iurisdictionis
1900 3159 2427 3232 ecclesiasticae
2498 3160 2573 3230 in
2633 3155 3013 3230 territoriis

872 3277 986 3350 hic
1043 3279 1184 3350 illle
1241 3299 1364 3369 per
1429 3289 1661 3352 totum
1714 3277 2205 3371 Hispaniarum
2264 3275 2585 3372 Regnum
2640 3279 2731 3351 ad
2792 3301 3013 3370 prae·-

873 3399 1098 3470 dictos
1135 3395 1434 3470 Ordines
1475 3399 1982 3492 spectantibuS,
2022 3401 2355 3490 expedire
2396 3399 2629 3474 visum
2683 3400 2849 3482 fuit,
2894 3414 3011 3484 ut,

875 3537 1026 3588 cum
1072 3520 1512 3609 perducenda
1555 3522 1736 3592 foret
1774 3522 1861 3592 ad
1898 3532 2131 3593 actum
2173 3522 2531 3613 proposita
2568 3521 3009 3594 dioecesium

875 3659 1054 3711 nova
1095 3639 1682 3736 circumscriptio,
1722 3643 1970 3714 eadem
2022 3643 2375 3714 territoria
2423 3643 2767 3734 proximis
2801 3642 3011 3715 dioe-

872 3761 1141 3832 cesibus
1199 3777 1763 3855 aggregarentur.
1834 3759 2087 3834 Verum
2145 3785 2233 3836 ne
2290 3785 2415 3857 per
2471 3763 2603 3834 hoc
2659 3767 3005 3836 memoria

870 3881 1220 3953 deleretur
1283 3906 1320 3950 a
1383 3879 1697 3955 instituti
1787 3896 2153 3976 tantopere
2232 3885 2319 3957 de
2375 3881 2695 3958 Ecclesia
2779 3896 2856 3958 et
2920 3907 3007 3959 re

869 4001 1140 4093 publica
1197 4005 1429 4074 meriti
1493 4027 1528 4071 »
1595 4003 1988 4099 nationiquc
2074 4017 2477 4078 servaretur
2542 4007 2801 4078 nobilis
2864 4007 3009 4081 hu·-

869 4123 1059 4195 iusce
1118 4143 1282 4196 suae
1339 4125 1594 4215 gloriae
1651 4138 2202 4208 monumentum,
2266 4127 2565 4218 placuit,
2628 4141 2705 4200 ut
2770 4153 2805 4196 ι
2872 4131 3005 4200 de·-

872 4265 906 4309 »
973 4241 1209 4317 finitus
1263 4245 1544 4339 quidam
1601 4248 2066 4338 assignaretur
2119 4249 2437 4321 locorum
2496 4270 2829 4322 numerus
2885 4253 3007 4321 in·-
