3292 5275
884 460 1042 542 178

869 602 1133 690 hibiti3
1184 598 1858 677 hincecclesiastica
1911 601 2272 695 disciplina
2330 602 2657 675 restituta
2703 602 2997 677 firmius-

868 743 1007 815 que
1062 724 1362 807 sancita,
1420 733 1818 816 promotum
1857 722 1930 827 in
1967 718 2178 797 Clero
2235 723 2570 797 scientiae
2599 734 2672 795 et
2709 724 2992 816 pietatis

868 842 1175 918 studium
1207 892 1229 928 ‚
1286 856 1529 935 parata
1586 843 2150 919 adolescentibus
2206 846 2296 917 ad
2351 865 2622 916 sacram
2680 844 2994 918 militiam

866 963 1249 1039 educandis
1306 966 1631 1057 collegia,
1695 967 2063 1039 christiani
2122 967 2427 1059 denique
2466 967 2709 1059 populi
2763 988 2994 1040 mores

862 1098 935 1161 et
990 1090 1419 1161 accuratiore
1474 1086 1779 1163 fidelium
1834 1087 2240 1161 eruditione
2271 1099 2341 1160 et
2372 1086 2849 1183 frequentiore
2888 1106 2994 1161 sa-

862 1220 1371 1281 cramentorum
1424 1230 1557 1283 usu
1611 1206 2011 1282 instaurati.
2071 1203 2253 1281 Hinc
2313 1220 2682 1303 praeterea
2732 1208 2992 1281 arctior

860 1328 1334 1402 membrorum
1387 1348 1551 1401 cum
1609 1328 1879 1402 visibili
1919 1326 2176 1423 Capite
2231 1327 2652 1412 communio,
2695 1330 2992 1403 univer-

858 1471 1068 1544 soque
1122 1450 1399 1541 corpori
1468 1443 1729 1520 Christi
1795 1448 2099 1542 mystico
2159 1450 2476 1522 additus'
2511 1448 2766 1543 vigor3
2821 1448 2990 1521 hinc

859 1568 1221 1661 religiosae
1275 1568 1802 1661 multiplicatae·
1839 1570 2169 1654 familiae,
2227 1572 2502 1664 aliaque
2557 1570 2986 1643 christianae

858 1690 1141 1781 pietatis
1196 1687 1573 1775 instituta3
1623 1689 1790 1761 hinc
1850 1689 1970 1763 ille
2027 1692 2238 1763 etiam
2295 1690 2617 1763 assiduus
2654 1701 2726 1762 et
2762 1710 2986 1783 usque

858 1810 949 1882 ad
978 1810 1337 1900 sanguinis
1377 1807 1790 1883 effusionem
1847 1823 2178 1886 constans
2216 1811 2428 1885 ardor
2464 1814 2540 1884 in
2576 1806 2837 1883 Christi
2877 1832 2990 1883 re-

720 2018 725 2023 ,
858 1950 997 2022 gno
1050 1930 1188 2003 late
1245 1952 1368 2023 per
1426 1930 1668 2003 orbem
1705 1933 2202 2026 propagando.

1068 2046 1569 2123 Verumtamen
1608 2053 1786 2125 haec
1829 2054 2106 2146 aliaque
2147 2055 2444 2145 insignia
2481 2056 2980 2137 emolumenta,

852 2192 1032 2265 quae
1086 2192 1213 2264 per
1266 2174 1589 2245 ultimam
1655 2172 1966 2246 maxime
2031 2174 2558 2249 oecumenicam
2621 2170 2984 2269 Synodum

852 2290 1093 2367 divina
1144 2293 1525 2365 clementia
1580 2289 1944 2366 Ecclesiae
2003 2296 2252 2386 largita
2310 2306 2418 2367 est
2445 2342 2470 2376 ,
2525 2296 2694 2367 dum
2748 2305 2982 2386 grato,

854 2432 997 2506 quo
1056 2433 1179 2505 par
1215 2423 1350 2497 est,
1390 2414 1625 2485 animo
1682 2415 2116 2504 recolimus3
2170 2416 2500 2490 acerbum
2538 2436 2982 2509 compescere

846 2530 1028 2607 haud
1084 2554 1453 2627 possumus
1521 2534 1834 2608 dolorem
1901 2535 1992 2607 ob
2055 2537 2232 2609 mala
2299 2535 2708 2627 gravissima
2737 2583 2758 2618 ,
2820 2534 2982 2609 inde

844 2655 1287 2748 potissimum
1346 2667 1524 2741 orta,
1581 2656 1773 2750 quod
1829 2654 2136 2729 eiusdem
2174 2667 2668 2731 sacrosanctae
2713 2653 2984 2751 Synodi

846 2775 1035 2868 apud
1086 2778 1475 2868 permultos
1512 2777 1629 2851 ‘vel
1671 2779 2043 2849 auctoritas
2080 2788 2510 2870 contempta,
2548 2777 2664 2851 vel
2703 2780 2986 2872 sapien-

846 2895 1115 2970 tissima
1170 2898 1483 2987 neglecta
1542 2900 1741 2984 suere
1800 2899 2114 2973 decreta.

1055 3013 1279 3091 Nemo
1331 3017 1521 3091 enim
1580 3018 1877 3110 ignorat,
1938 3022 2294 3106 haereseS,
2334 3042 2512 3116 quas
2565 3015 2974 3096 Tridentini

841 3131 1095 3212 Patres
1146 3141 1742 3233 proscripserunt,
1802 3143 1990 3228 dum,
2031 3145 2293 3216 reiecto
2331 3143 2578 3214 divino
2617 3137 2974 3215 Ecclesiae

840 3257 1261 3350 magisterio,
1320 3281 1431 3332 res
1488 3262 1577 3334 ad
1634 3263 2046 3354 religionem
2084 3273 2488 3356 spectantes
2545 3262 2810 3353 privati
2849 3283 2978 3334 cu-

844 3381 1070 3455 iusvis
1107 3379 1367 3452 iudicio
1404 3382 2007 3474 permitterentur,
2047 3385 2121 3455 in
2161 3395 2392 3456 sectas
2431 3382 2796 3475 paullatim
2832 3383 2976 3456 dis.

836 3503 1101 3576 solutas
1155 3507 1307 3573 esse
1362 3502 1817 3594 multiplices„
1871 3499 2131 3596 quibus
2187 3505 2378 3576 inter
2417 3525 2492 3576 se
2546 3503 2972 3577 dissentien-

836 3619 1027 3695 tibus
1080 3607 1181 3694 et'
1210 3622 1816 3705 concertantibus,
1872 3625 2097 3696 omnis
2158 3623 2444 3696 tandem
2497 3621 2569 3695 in
2605 3618 2970 3697 Christum

834 3740 1009 3814 fides
1064 3741 1249 3834 apud
1308 3761 1457 3816 non
1516 3764 1775 3836 paucos
1829 3745 2250 3818 labefactata
2305 3756 2434 3816 est.
2507 3741 2746 3837 ltaque
2809 3746 2968 3838 ipsa

832 3881 1031 3934 sacra
1086 3857 1340 3944 Biblia‚
1374 3884 1555 3955 quae
1596 3875 1807 3946 antea
1845 3853 2268 3937 christianae
2310 3864 2672 3938 doctrinae
2708 3865 2968 3940 unicus

830 3983 987 4053 fons
1044 3991 1119 4052 et
1176 3967 1383 4054 iudex
1440 3969 1973 4069 asserebantur,
2017 3984 2154 4057 iam
2211 4005 2354 4057 non
2393 4005 2518 4077 pro
2547 3983 2807 4056 divinis
2844 3985 2970 4058 ha-

831 4101 981 4174 beri
1018 4148 1038 4187 ,
1106 4103 1247 4174 imo
1300 4104 1623 4196 mythicis
1677 4108 2091 4178 commentis
2147 4106 2492 4179 accenseri
2547 4119 2962 4200 coeperunt.

1043 4218 1221 4295 Tum
1253 4235 1419 4298 nata
1450 4236 1557 4298 est
1596 4237 1671 4297 et
1699 4225 1838 4299 late
1867 4227 2075 4300 nimis
2106 4249 2228 4320 per
2266 4227 2507 4300 orbem
2545 4239 2800 4321 vagata
2841 4228 2962 4301 illa

828 4342 1296 4424 rationalismi
1354 4367 1479 4422 seu
1528 4349 1970 4422 naturalismi
2029 4349 2376 4434 doctrina,
2417 4369 2602 4445 quae
2647 4347 2961 4446 religioni
