3292 5275
316 617 697 692 sitionibus
730 661 755 704 ‚
836 629 1051 712 atquc
1128 615 1698 710 expeditionibus
1725 663 1750 696 ‚
1831 635 2012 710 quac
2073 614 2438 712 adsignata

312 738 579 812 iamdiu
630 735 767 812 fuit
824 737 895 808 in
948 735 1305 810 erectione
1362 755 1529 808 mox
1580 755 2000 829 suppressae
2050 731 2442 810 Catbedra-

312 861 403 932 lis
456 854 811 932 Ecclesiae
862 853 1311 951 Antioquiae,
1344 875 1676 949 quaeque
1713 855 1788 928 iu
1837 853 2042 927 libris
2077 847 2440 928 Reveren-

312 979 441 1052 dce
492 975 837 1050 Gamerae
898 972 1341 1070 Apostolicae
1394 987 1469 1048 et
1522 971 1830 1048 Sanctae
1885 967 2240 1048 Romanae
2289 968 2440 1046 Bc-

314 1099 565 1172 clesiae
616 1093 1095 1172 cardinalium
1158 1091 1451 1192 collegii
1508 1095 1930 1189 transcripta
2005 1093 2270 1168 iamdiu
2325 1115 2442 1166 ne-

314 1219 617 1314 peritur.

531 1333 655 1412 12.
712 1335 988 1430 Quibus
1044 1339 1251 1411 rebus
1308 1339 1401 1410 ita
1466 1339 1752 1411 statutis
1807 1350 1883 1411 et
1929 1337 2268 1410 ordinatis
2321 1357 2440 1408 ea·

312 1462 471 1534 dem
522 1457 871 1534 Sanctitas
922 1455 1071 1534 Sua
1122 1477 1217 1532 ex
1274 1457 1562 1552 speciali
1616 1459 1842 1549 gratia
1909 1455 2233 1542 indulsit,
2291 1457 2442 1532 ius·-

316 1583 553 1676 sitque
606 1594 691 1653 ut
740 1579 1141 1654 huiusmodi
1192 1575 1704 1652 Consistoriale
1761 1571 2146 1652 Decretum
2202 1579 2440 1670 perin-

316 1702 407 1775 de
460 1701 551 1774 ab
604 1700 929 1775 omnibus
982 1699 1326 1774 habeatur
1378 1710 1454 1770 et
1506 1699 1629 1782 sit,
1669 1719 1751 1770 ac
1805 1698 1864 1769 si
1917 1695 1989 1768 in
2033 1697 2106 1770 id
2142 1694 2442 1790 Aposto-

316 1822 499 1895 licae
554 1817 877 1894 Litterae
932 1819 1083 1894 sive
1140 1819 1269 1892 sub
1308 1817 1621 1912 plumbo,
1663 1819 1812 1890 sive
1869 1818 1940 1890 in
1996 1817 2216 1890 forma
2270 1813 2444 1892 Bre-

318 1942 433 2015 vis
488 1939 783 2014 fuissent
834 1941 921 2014 de
976 1959 1167 2014 more
1220 1937 1607 2032 expeditae.

530 2051 657 2134 13.
714 2057 1021 2158 Ideoque
1078 2059 1453 2134 contrariis
1534 2061 2096 2155 quibuscumque
2151 2061 2438 2132 minime

320 2182 763 2257 obstantibus
790 2230 814 2267 ,
872 2181 1161 2276 speciali
1218 2182 1325 2254 eis
1393 2179 1581 2255 illata
1644 2201 1926 2276 quoque
1990 2179 2436 2273 derogatione

318 2305 575 2399 cuique
628 2305 1039 2377 facultatem
1094 2321 1374 2381 omnem
1420 2301 1721 2396 dempsit
1753 2295 2252 2374 Consistoriale
2305 2298 2438 2374 boc

316 2421 699 2499 Decretum
738 2425 1119 2517 infringere
1161 2425 1276 2496 vel
1314 2443 1490 2498 ausu
1527 2425 1745 2496 etiam
1794 2423 2170 2496 temerario
2205 2421 2438 2496 eidem

318 2545 795 2620 contradicere
862 2545 995 2619 sub
1058 2545 1535 2641 indignatione
1600 2539 2118 2636 omnipotentis
2179 2538 2304 2616 Dei
2367 2553 2442 2616 et

316 2662 699 2740 Beatorum·
741 2662 934 2739 Petri
988 2675 1063 2738 et
1118 2660 1319 2739 Pauli
1374 2660 1874 2759 Apostolorum
1926 2662 2128 2738 Eius.

534 2778 656 2861 14.
712 2782 1159 2882 Quapropter
1196 2782 1515 2859 Summus
1555 2782 1883 2859 Pontifex
1925 2786 1997 2858 in
2043 2782 2437 2859 huiusmodi

318 2902 600 2982 Decreti
653 2905 1185 3001 Exequutorem
1253 2903 1742 3000 Apostolicum
1805 2904 2104 2998 deligere
2167 2928 2254 2979 ac
2317 2906 2442 2979 de-

316 3040 565 3122 putare
622 3028 945 3120 dignatus
1008 3038 1119 3099 est
1174 3022 1261 3099 R.
1305 3022 1387 3096 P.
1429 3022 1515 3098 D.
1574 3022 2194 3121 Arcbiepiscopum
2249 3020 2440 3099 San-

316 3158 475 3219 ctae
530 3144 729 3219 Fidei
782 3148 871 3219 de
924 3142 1187 3238 Bogota
1246 3142 1315 3219 in
1372 3140 1929 3237 Neogranatensi
1985 3140 2376 3239 Republica
2411 3193 2432 3229 ,

316 3277 400 3339 ut
454 3269 605 3360 ipse
662 3268 820 3341 sive
880 3286 1007 3359 per
1060 3286 1167 3351 se,
1210 3267 1361 3337 sive
1416 3287 1541 3360 per
1596 3268 1806 3339 aliam
1861 3285 2140 3362 quoque
2197 3286 2438 3359 perso-

318 3407 509 3471 nam,
568 3385 639 3457 in
694 3382 1191 3459 Ecclesiastico
1245 3396 1481 3458 tamen
1536 3386 1878 3478 dignitate
1931 3382 2384 3459 constitutam
2411 3430 2432 3468 ,

316 3528 401 3579 ea
456 3504 693 3581 omnia
744 3516 1059 3601 peragat,
1113 3518 1193 3579 ut
1246 3508 1768 3603 quamprimum
1821 3507 1950 3580 boc
2005 3505 2442 3598 suppressio-

318 3629 455 3715 nis,
510 3628 987 3713 extinctionis,
1031 3628 1537 3713 translationis,
1577 3627 1986 3711 erectionis,
2043 3625 2438 3717 derogatio-

317 3751 455 3835 nis,
494 3750 996 3836 concessionis,
1040 3750 1325 3833 indulti,
1368 3748 1828 3841 delegationis
1865 3743 2242 3819 Decretum
2287 3767 2438 3818 exe·

313 3868 641 3964 quutioni
696 3871 830 3942 rite
882 3870 1215 3943 mandent
1228 3890 1256 3956 3
1310 3882 1519 3965 atque
1576 3868 1752 3941 infra
1807 3888 2070 3942 annum
2133 3886 2438 3962 exequu-

312 3988 590 4063 torialia
628 3984 809 4063 Acta
844 3988 935 4064 ad
972 3984 1261 4062 Sacram
1295 3990 1473 4063 banc
1511 3984 2146 4081 congregationem
2207 3998 2437 4061 trans-

314 4106 591 4181 mittere
646 4119 1002 4201 satagant.

536 4222 657 4303 15.
705 4226 1121 4305 Huiusmodi
1152 4230 1309 4303 ideo
1329 4226 1832 4305 Consistoriale
1862 4225 2242 4303 Decretum
2261 4222 2435 4301 San·

317 4350 523 4424 etitas
561 4345 705 4425 Sua
764 4351 927 4423 ferri
987 4350 1192 4425 iussit
1249 4348 1337 4423 ad
1395 4361 1805 4446 perpetuam
1865 4349 1963 4421 rei
2022 4348 2432 4421 memoriam
