3292 5275
896 442 1049 525 400

892 578 1175 645 Litterae
1204 575 1615 655 Apostolicae
1656 579 1720 641 in
1749 576 1954 641 torma
1983 574 2208 640 Brevis
2247 576 2328 639 ad
2369 572 2436 639 S.
2459 572 2542 637 R.
2569 570 2646 637 E.
2679 572 2846 637 Pre-

970 675 1299 754 sbyterum
1358 669 1766 736 cardinalem
1807 669 2038 737 Cullen
2081 669 2658 749 Archiepiscopum
2699 664 2846 731 Du-

970 766 1321 829 blinensem
1362 772 1561 847 atque
1600 764 1960 830 Hiberniae·
1983 763 2328 827 Primatem
2351 792 2432 807 --
2453 762 2562 825 Ea:
2589 765 2848 844 Aposto-

969 857 1083 924 liei
1110 857 1531 941 Officii—die
1566 854 1650 924 30
1688 860 1861 921 maii.
1907 856 2150 921 Munus
2187 858 2308 937 ipsi
2357 858 2666 920 tribuitur
2691 872 2844 918 con-

976 954 1295 1019 vocandae
1320 961 1389 1015 et
1412 952 1728 1033 regendae
1759 948 1992 1033 Synodi
2037 952 2360 1032 generalis
2405 953 2602 1013 totius
2641 951 2848 1013 natio-

970 1048 1065 1109 nis
1116 1044 1457 1109 Hiberniae
1484 1088 1503 1121 ‚
1544 1062 1740 1125 quam
1795 1044 2222 1108 Hibernenses
2283 1044 2626 1107 Praesules
2675 1044 2842 1107 cele-

971 1142 1159 1203 brare
1199 1138 1559 1215 intendunt,
1609 1140 1946 1219 eidemque
1975 1137 2300 1203 cardinali
2337 1138 2842 1217 Archiepiscopo

971 1250 1189 1296 omnes
1252 1232 1593 1295 facultates
1656 1233 2052 1295 necessariae
2091 1240 2158 1294 et
2217 1238 2624 1311 opportunae
2663 1230 2838 1292 defe-

971 1331 1205 1389 runtur
1326 1368 1342 1385 .
1416 1400 1425 1411 ·
1510 1368 1526 1383 .
1695 1368 1712 1385 .
1878 1367 1895 1384 .
2063 1369 2079 1383 .
2213 1365 2262 1383 ..
2429 1366 2446 1383 .
2611 1366 2630 1383 .
2809 1342 2846 1381 »
2885 1317 3008 1386 187

901 1509 1151 1575 Similes
1194 1508 1690 1574 venerabilibus
1717 1508 2054 1575 Fratribus
2096 1510 2610 1591 Archiepiscopis
2651 1516 2848 1590 atque

976 1602 1313 1685 Episcopis
1356 1600 1707 1667 Hiberniae
1745 1635 1826 1651 --
1867 1604 1944 1670 si
1969 1604 2128 1687 quid
2167 1614 2252 1667 est
2289 1636 2372 1651 ·-
2407 1604 2510 1666 die
2547 1599 2634 1667 3⁰
2669 1603 2844 1664 maii.

978 1694 1212 1760 Initum
1254 1697 1479 1761 laudat
1518 1698 1858 1760 consilium
1887 1699 1972 1761 de
1997 1699 2286 1779 plenaria
2315 1694 2568 1780 synodo
2609 1697 2848 1758 haben·

976 1790 1078 1853 da.
1126 1788 1447 1854 Certior-es
1506 1792 1676 1872 ipsos
1739 1792 1890 1855 tacit
1917 1834 1935 1871 ,
1975 1809 2114 1857 sese
2177 1794 2302 1854 iam
2348 1791 2848 1871 Archiepiscopo

978 1882 1355 1947 Dublinensi
1384 1887 1795 1963 commisisse,
1827 1895 1896 1949 ut
1947 1894 2273 1966 tamquam
2299 1882 2648 1965 Delegatus
2669 1882 2848 1965 Apo·

976 1978 1243 2041 stolicus
1302 1976 1465 2040 hanc
1508 1977 1830 2060 Synodum
1893 1986 2252 2056 convocet,
2303 1978 2628 2059 simulque
2681 1978 2852 2039 inter

976 2078 1191 2135 cetera
1235 2073 1555 2149 hortatur,
1590 2082 1662 2136 ut
1689 2074 1807 2153 ipsi
1839 2071 2216 2136 Dublinensi
2246 2073 2528 2135 Antistiti
2573 2072 2687 2135 tali
2727 2088 2848 2133 au·

976 2173 1081 2228 cto
1124 2182 1387 2229 munere
1428 2166 1712 2229 debitum
1755 2168 2135 2248 obsequium
2165 2167 2534 2244 exhibeant,
2575 2173 2642 2228 et
2683 2165 2852 2227 facta

976 2259 1059 2320 ab
1097 2259 1319 2321 eodem
1354 2256 1584 2341 Synodi
1626 2262 2111 2339 convocatione,
2143 2260 2330 2323 iuxta
2373 2256 2484 2322 SS.
2519 2256 2852 2322 Canonum

978 2352 1378 2432 praescripta
1422 2370 1639 2416 omnes
1683 2354 1920 2429 adsint,
1963 2354 2080 2415 nisi
2122 2353 2408 2433 legitimo
2447 2351 2852 2414 detineantur

978 2444 1433 2525 impedimento
1472 2446 1551 2507 ad
1594 2447 1840 2525 proprii
1873 2447 2082 2526 gregis
2111 2446 2458 2509 utilitatem
2499 2462 2576 2507 ac
2617 2444 2856 2507 bonum

976 2544 1311 2619 spectante
1334 2583 1351 2599 .
1520 2582 1536 2599 .
1705 2584 1720 2601 .
1889 2582 1904 2600 .
2071 2582 2088 2599 .
2256 2585 2271 2600 .
2439 2584 2456 2600 .
2624 2581 2639 2599 .
2805 2558 2842 2596 n
2881 2533 3008 2603 190

897 2722 1151 2788 Similes
1191 2757 1271 2770 —
1322 2723 1453 2802 Qui
1490 2725 1763 2790 choricis
1811 2725 2160 2792 Catholicae
2201 2727 2510 2792 Ecclesiae
2551 2723 2732 2790 libris
2770 2757 2852 2770 —-

972 2819 1077 2881 die
1116 2812 1197 2884 30
1238 2822 1385 2880 maii
1432 2819 1649 2901 Equiti
1695 2817 1743 2882 F
1749 2822 2020 2884 riderico
2062 2820 2292 2884 Pustet
2329 2822 2636 2884 dioecesis
2675 2817 2856 2883 Rati·

974 2913 1325 2988 sbouensis,
1352 2915 1465 2992 qui
1486 2921 1744 2995 praeter
1763 2922 2010 2978 ceteras
2051 2917 2340 2994 egregias
2368 2911 2852 2978 Ecclesiastico-

974 3023 1123 3067 rum
1166 3005 1483 3069 librorum
1524 3007 1834 3070 editiones
1898 3009 2276 3088 praesertim
2325 3005 2564 3071 Cantus
2607 2999 2854 3086 Grego—

978 3099 1163 3174 riani,
1206 3117 1414 3180 nuper
1468 3099 1808 3162 editionem
1873 3101 2004 3162 suis
2069 3101 2433 3180 sumptibus
2477 3099 2856 3180 vulgaverat

975 3190 1346 3270 GradualiS,
1382 3194 1556 3273 quod
1585 3203 1840 3270 vocant,
1871 3194 2140 3257 Romani
2169 3213 2322 3257 sane
2353 3194 2744 3275 splendidam
2784 3201 2854 3256 ct

978 3289 1409 3366 magnificam,
1438 3287 1734 3350 editionis
1763 3291 1962 3351 instar
1990 3285 2348 3352 Mediceae.
2379 3287 2560 3350 Hauc
2587 3297 2722 3350 tum
2755 3288 2858 3348 lo—

980 3395 1203 3443 corum
1228 3379 1610 3456 ordinariis,
1657 3389 1788 3444 tum
1820 3382 1896 3443 iis
1923 3381 2213 3442 omuibus
2236 3424 2256 3455 ‚
2301 3382 2538 3459 quibus
2567 3378 2858 3443 Musices

849 3489 853 3494 ·
978 3487 1199 3534 sacrae
1242 3489 1395 3533 cura
1462 3481 1603 3548 est,
1646 3489 2032 3552 magnopere
2088 3472 2534 3545 commendat,
2577 3487 2858 3550 eumque

980 3565 1383 3640 adhortatur,
1416 3569 1487 3626 ut
1516 3581 1684 3644 quae
1713 3565 1922 3627 adhuc
1951 3564 2190 3628 edenda
2221 3572 2569 3645 supersunt
2593 3563 2672 3624 de
2693 3559 2856 3626 Gre-

981 3659 1247 3737 goriano
1274 3665 1467 3720 cantu
1500 3657 1852 3734 volumina,
1881 3659 2120 3739 quibus
2147 3657 2450 3718 inchoata
2479 3657 2634 3718 olim
2662 3673 2699 3716 a
2743 3653 2855 3716 t'el.

982 3769 1171 3812 mem.
1208 3749 1417 3813 Paulo
1448 3749 1575 3812 PP.
1608 3748 1664 3813 V
1711 3753 2080 3831 perficietur
2119 3751 2338 3826 edific,
2377 3749 2627 3812 tandem
2661 3751 2724 3811 in
2749 3749 2862 3810 lu-

985 3860 1123 3906 cem
1165 3845 1471 3924 proferat.
1518 3841 1948 3920 Quamobrem
1993 3845 2136 3908 iura
2165 3844 2378 3907 omnia
2405 3851 2474 3905 et
2515 3843 2847 3924 privilegia

982 3937 1144 4000 alias
1186 3956 1221 4000 a
1265 3934 1495 4000 Sancta
1538 3933 1700 3999 Sede
1745 3938 1860 4018 ipsi
1901 3955 2201 4000 concessa
2245 3936 2588 4000 coufirmat
2613 3957 2659 3996 ι.
2825 3955 2860 3992 ιι
2905 3931 3033 4000 194

904 4121 1186 4187 Litterae
1234 4125 1643 4204 Apostolicae
1706 4125 1828 4186 sub
1878 4124 2146 4204 plumbo
2183 4155 2266 4168 —-
2307 4121 2590 4186 Paterna
2627 4119 2860 4182 sollici-

982 4217 1199 4282 tudine
1238 4251 1315 4264 -
1356 4215 1668 4282 Kalendis
1713 4219 1926 4280 iuniis.
1961 4216 2238 4280 Stabiles
2268 4217 2646 4297 praescribit
2667 4215 2862 4294 -leges

984 4318 1051 4374 et
1092 4311 1484 4374 conditiones
1548 4312 1862 4376 luctuosis
1901 4312 2096 4380 ,hisce
2153 4311 2548 4392 temporibus
2597 4325 2862 4370 consen-
