3292 5275
2210 502 2370 586 255

267 645 613 737 pationem
668 667 753 718 eo
810 647 1211 738 praesertim
1266 657 1642 739 spectasse,
1672 659 1751 720 ut
1806 641 2159 719 pontificii
2204 641 2381 717 Pri-

269 777 488 838 matus
543 767 655 839 vis
713 778 785 840 et
839 765 1150 840 efficacia
1203 769 1669 857 frangeretur,
1726 770 2017 859 ipsaque
2091 767 2376 839 tandem

269 887 605 959 catholica
664 887 934 976 religio,
965 889 1024 958 si
1063 887 1214 959 fieri
1253 895 1515 978 posset,
1575 889 1783 978 plane
1838 886 2213 960 deleretur.

471 1001 657 1077 Veru
769 1027 908 1077 non
945 1007 1078 1078 hoc
1107 1001 1318 1078 Nobis
1357 1008 1727 1098 potissime
1768 1004 2221 1080 constitutum
2278 1017 2384 1077 est

265 1133 342 1198 ut
394 1125 480 1196 de
543 1127 629 1196 iis
663 1013 897 1203 ‘qualis
974 1126 1063 1198 ad
1115 1121 1252 1197 Vos
1306 1127 1775 1198 scriberemus
1809 1175 1830 1210 ‚
1886 1126 2147 1218 quibus
2198 1120 2383 1196 Urbs

261 1246 426 1317 hacc
461 1240 714 1318 Nostra
767 1257 836 1317 et
891 1245 1222 1318 universa
1278 1248 1488 1319 simul
1528 1249 1917 1320 divexatur
1956 1243 2199 1317 ltalia:
2242 1245 2383 1318 imo

262 1387 555 1456 angores
608 1367 822 1439 hosce
876 1363 1160 1438 Nostros
1215 1377 1484 1440 moesto
1543 1370 1839 1439 fortasse
1904 1385 2383 1459 premeremus

263 1487 567 1571 silentio,
607 1487 664 1557 si
703 1487 939 1559 divina
979 1485 1262 1558 daretur
1300 1489 1703 1569 clementia,
1737 1487 1958 1559 lenire
1992 1481 2135 1556 Nos
2172 1503 2380 1576 posse

260 1607 528 1678 dolores
583 1607 979 1690 acerrimoS,
1013 1607 1266 1700 quibus
1321 1617 1428 1679 tot
1457 1601 1921 1678 venerabiles
1958 1601 2241 1677 Fratres
2280 1627 2385 1681 sa-

259 1747 536 1799 crorum
592 1723 959 1798 Antistites
1014 1748 1394 1820 eorumque
1450 1724 1699 1808 Clerus
1772 1739 1845 1798 et
1924 1728 2227 1818 populus
2298 1724 2372 1796 in

263 1848 412 1934 aliis
469 1846 874 1938 regionibus
931 1849 1367 1920 cruciantur.

171 1943 188 1956 ’
470 1963 612 2040 Vos
667 1965 1029 2040 e'nimve'ro
1085 1990 1221 2039 non
1275 1970 1486 2050 latet,
1546 1964 2001 2040 venerabiles
2060 1961 2379 2053 Fratres,

260 2090 596 2181 quosdam
635 2111 717 2161 ex
755 2083 1158 2160 Helveticae
1197 2085 1733 2161 Foederationis
1768 2085 2004 2178 Pagis,
2050 2107 2193 2156 non
2236 2098 2380 2158 tam

259 2206 350 2280 ab
404 2209 844 2280 heterodoxis
883 2209 1308 2300 compulsoS,
1347 2229 1656 2300 quorum
1713 2211 1857 2279 imo
1910 2205 2228 2279 nonnulli
2266 2210 2383 2281 fa-

255 2329 462 2400 cinus
517 2327 1006 2419 reprobarunt,
1063 2349 1274 2422 quam
1341 2329 1430 2400 ab
1495 2328 1805 2400 actuosis
1866 2338 2211 2399 sectarum
2270 2349 2383 2400 as-

255 2449 464 2520 seclis
517 2449 722 2520 hodie
780 2451 1037 2540 passim
1093 2470 1324 2521 rerum
1379 2448 1617 2539 potitis
1651 2495 1672 2532 ,
1738 2467 2013 2519 omnem
2081 2467 2384 2539 perver-

253 2566 428 2641 tisse
484 2569 830 2653 ordinem,
890 2569 1174 2662 ipsaque
1237 2567 1596 2641 suffodisse
1660 2566 2185 2651 constitutionis
2241 2563 2383 2640 Ec·-

249 2688 500 2761 clesiae
555 2684 820 2760 Christi
877 2690 1318 2760 fundamenta
1375 2707 1516 2759 uon
1577 2688 1791 2761 modo
1846 2698 2091 2760 contra
2142 2708 2383 2782 quam-

247 2810 423 2881 libet
461 2808 766 2881 iustitiae
797 2810 1232 2903 rationisque
1271 2816 1618 2892 norma’m,
1653 2806 1775 2879 sed
1802 2808 2128 2879 obstante
2161 2810 2381 2881 etiam

251 2930 418 3001 data
478 2927 750 3020 publice
802 2929 994 3015 fide3
1050 2952 1266 3023 quum
1324 2952 1412 3002 ex
1469 2930 1905 3001 solemnibus
1950 2928 2198 3019 pactis,
2240 2930 2382 3002 suf-

251 3050 474 3143 fragio
501 3060 570 3121 et
609 3050 1026 3122 auctoritate
1063 3072 1341 3144 quoque
1381 3052 1615 3141 legum
1652 3040 2191 3121 Foederationis
2230 3070 2384 3120 mu-

247 3170 455 3253 nitis,
497 3178 751 3241 sartam
809 3179 1064 3242 tectam
1121 3170 1482 3242 catholicis
1537 3188 1819 3240 manere
1861 3179 2221 3259 oporteret
2260 3190 2381 3240 re·-

245 3288 568 3379 ligiosam
625 3290 1038 3362 libertatem.
1089 3287 1626 3381 Deploravimus
1688 3290 2009 3381 equidem
2066 3291 2140 3359 in
2194 3284 2383 3361 Allo-

247 3413 536 3483 cutione
565 3406 808 3483 Nostra
839 3412 1081 3483 habita
1115 3412 1224 3483 die
1245 3402 1350 3483 23
1376 3407 1785 3483 Decembris
1816 3411 1980 3479 anni
2016 3395 2379 3501 praeteriti

247 3534 520 3605 illatam
579 3532 942 3621 religiosae
997 3531 1094 3603 rei
1149 3534 1296 3603 vim
1353 3533 1440 3604 ab
1498 3534 1785 3604 illorum
1845 3526 2190 3623 Pagorum
2242 3527 2383 3603 Gu-

247 3652 521 3723 berniis
567 3674 601 3719 (ι
649 3652 802 3725 sive
860 3652 1294 3723 decernendo
1348 3653 1434 3722 de
1489 3651 1943 3742 dogmatibus
1998 3650 2381 3723 catholicae

248 3770 448 3854 ndei,
507 3772 656 3843 sive
714 3764 1012 3843 'favendo
1069 3773 1437 3863 apostatis,
1479 3774 1628 3844 sive
1690 3772 2101 3844 exercitium
2162 3770 2384 3843 inter-

244 3892 586 3983 cipiendo
663 3892 1080 3984 episcopalis
1155 3894 1542 3984 potestatis.
1607 3914 1643 3959 u
1710 3888 1804 3963 At
1858 3914 2029 3966 vero
2082 3892 2385 3966 iustissi-

257 4032 424 4083 mae
453 4012 828 4103 quaerelae
866 4004 1192 4096 Nostrae,
1223 4014 1572 4085 exhibitae
1599 4016 1842 4095 etiam,
1882 4014 2381 4086 mandantibus

238 4126 491 4217 Nobis,
520 4132 852 4203 foederali
913 4127 1228 4205 Consilio
1283 4154 1318 4203 a
1354 4128 1608 4205 Nostro
1647 4128 2091 4223 Negotiorum
2126 4129 2383 4207 Gesto-

244 4274 361 4336 re,
402 4252 752 4342 neglectae
809 4255 1014 4345 plane
1071 4252 1384 4339 fuerunt,
1419 4275 1546 4326 nec
1585 4254 1871 4347 aequior
1911 4254 2088 4327 ratio
2131 4254 2377 4326 habita

243 4372 390 4445 fuit
441 4374 1072 4466 expostulationum
1111 4394 1152 4446 a
1181 4374 1542 4447 catholicis
1596 4374 1919 4448 cuiusvis
1974 4375 2272 4461 ordinis,
2306 4385 2378 4447 et
