3292 5275
870 467 974 557 86

1074 611 1381 712 Ideoque
1454 610 1589 691 hoc
1661 614 1869 691 iussit
1937 613 2106 690 ferri
2156 607 2664 692 consistoriale
2715 607 2987 692 Decre-

866 739 1015 812 tum
1072 753 1199 834 pro
1254 734 1545 813 luciensi
1600 729 1922 814 Dioecesi
1975 739 2270 833 perinde
2325 736 2736 826 valiturum,
2785 757 2865 812 ac
2921 733 2982 814 si

864 857 934 930 in
986 859 1059 931 id
1114 862 1379 933 alterae
1436 853 1876 954 Apostolicae
1931 849 2248 934 Litterae
2304 859 2450 934 sivc
2506 856 2638 936 sub
2701 855 2982 954 plumbo

864 973 1017 1054 sive
1073 981 1149 1053 in
1204 978 1426 1056 forma
1452 973 1704 1054 Brevis
1754 983 2056 1056 fuissent
2111 980 2198 1056 de
2251 1000 2447 1056 more
2485 979 2872 1075 expeditae.

877 1101 886 1108 ’
1070 1089 1297 1176 Huius
1354 1105 1649 1196 'insuper
1679 1094 2208 1178 consistorialis
2263 1095 2543 1178 Deci-eti
2602 1112 2984 1199 exequuto-

864 1246 1013 1300 rem
1076 1246 1241 1297 cum
1277 1223 1595 1298 omnibus
1631 1225 2080 1298 facultatibus
2137 1221 2554 1300 necessariis
2608 1237 2676 1298 et
2731 1241 2982 1319 oppor-

862 1341 1060 1421 ‘tunis
1099 1339 1334 1436 elegit,
1367 1349 1576 1440 atque
1614 1335 1956 1438 deputare
1997 1345 2223 1419 voluit
2269 1333 2357 1418 R.
2387 1339 2472 1418 P.
2508 1337 2595 1420 D.
2645 1335 2981 1419 ioannem

862 1455 1299 1543 Guttadauro
1337 1483 1425 1538 ex
1458 1453 1910 1560 Principibus
1941 1463 2367 1540 Reburdone
2403 1463 2827 1542 hodiernum
2847 1455 2981 1542 Ca-

860 1578 1507 1662 latanisiadensium
1560 1578 1993 1681 Episcopum
2047 1605 2210 1661 cum
2275 1589 2620 1680 potestate
2682 1584 2980 1662 alteram

862 1708 1077 1781 etiam
1119 1723 1490 1804 personam
1522 1706 1596 1779 in
1626 1700 2120 1782 Ecclesiastiea
2156 1716 2396 1781 tamen
2435 1701 2776 1802 dignitate
2815 1725 2982 1784 con·-

864 1821 1179 1900 Stitutam
1236 1819 1760 1922 subdelegandi.

996 2026 1005 2034 ,
1070 1939 1372 2046 Utrique
1423 1970 1600 2025 vvero
1659 1970 1834 2029 onus
1891 1943 2097 2027 iussit
2135 1950 2426 2046 imponi,
2455 1963 2538 2028 ut
2575 1946 2759 2026 infra
2807 1971 2984 2048 qua-

859 2071 1018 2145 tuor
1073 2088 1347 2144 menses
1405 2073 1489 2142 ab
1539 2051 1936 2146 huiusmodi
1973 2064 2258 2150 Decreti
2312 2071 2782 2168 publicatione
2825 2086 2983 2149 acta

861 2192 1093 2265 omnia
1132 2213 1305 2286 quae
1347 2191 1414 2262 in
1455 2189 1526 2262 id
1566 2191 1827 2266 fuerint
1866 2187 2412 2287 exequutorialia
2449 2194 2537 2268 ad
2575 2193 2980 2270 huiusmodi

862 2300 1149 2386 Sacram
1186 2309 1764 2386 consistorialem
1798 2303 2426 2410 Congregationem
2491 2317 2809 2404 mittant,
2871 2313 2981 2391 uti

862 2455 1003 2508 una
1058 2453 1221 2506 cum
1275 2434 1406 2506 hoc
1443 2429 1746 2506 Decreto
1805 2435 1880 2506 in
1936 2435 2248 2508 eiusdem
2302 2429 2618 2510 Archivo
2674 2434 2761 2510 ad
2817 2453 2986 2532 per-

859 2567 1140 2655 petuam
1199 2555 1303 2629 rei
1358 2554 1773 2630 memoriam
1827 2565 1901 2630 et
1957 2571 2272 2630 normam
2327 2565 2806 2631 asserventur.

1074 2664 1334 2749 Datum
1391 2671 1656 2750 Romae
1713 2672 1846 2751 hac
1919 2673 2028 2750 die
2099 2679 2427 2754 vicesima
2492 2680 2788 2773 septima
2843 2670 2982 2752 Se-

853 2788 1189 2893 ptembris
1246 2815 1427 2870 anno
1484 2808 1856 2891 reparatae
1909 2796 2270 2873 hominum
2315 2800 2568 2874 salutis
2613 2798 2978 2875 millesimo

858 2917 1431 3017 ¹octingentesimo
1486 2920 1998 3015 septuagesimo
2055 2914 2390 2995 secundo.

1174 3152 1507 3237 Rocemvs
1566 3148 2115 3236 Amen-Mures
2173 3152 2582 3236 patriarcha
2620 3156 2979 3237 Constan-

1281 3282 1579 3379 tinopol.
1658 3275 1731 3357 S.
1799 3276 2372 3375 Congregationis
2445 3278 2974 3358 consistorialis

1278 3428 1323 3479 a
1374 3397 1708 3479 Secretis.

854 3634 1177 3747 ngas,
