3292 5275
892 450 1053 537 398

978 586 1327 669 privilegiis
1352 586 1948 654 Protouotariorum
1976 587 2499 671 Apostolicorum
2519 588 2599 653 (b
2617 602 2846 655 uume-

976 698 1055 745 ro
1092 679 1617 763 Participantium
1681 684 1778 747 uti
1817 690 2112 764 poterat,
2155 684 2494 764 privilegiu
2543 684 2846 763 deinceps

976 774 1417 839 conceduntur
1452 774 1778 841 Abbatum
1799 818 1822 851 ‚
1861 777 2118 841 minitno
2163 794 2318 839 vero
2359 794 2588 841 eorum
2629 776 2850 841 Abba-

940 896 947 903 ·
980 876 1117 932 tum
1158 869 1269 949 qui
1306 867 1562 936 Nauius
1602 870 1902 935 dicuntur
2063 914 2080 931 .
2249 916 2265 932 .
2431 912 2449 932 .
2615 914 2632 933 .
2793 889 2834 928 a
2875 864 3006 933 156

900 1054 1181 1119 Litterae
1240 1053 1652 1135 Apostolicae
1713 1058 1778 1119 in
1838 1057 2042 1121 formu
2087 1055 2308 1121 Brevis
2351 1090 2430 1103 -
2475 1057 2848 1139 Expositum

978 1147 1171 1212 Nobis
1208 1156 1295 1210 est
1330 1178 1409 1195 -·-
1446 1148 1573 1211 diei
1613 1148 1696 1213 28
1735 1150 2087 1227 februarii,
2127 1152 2193 1213 iu
2253 1168 2386 1231 quo
2449 1150 2730 1215 facultas
2774 1150 2850 1213 fit

976 1240 1213 1307 dilecto
1253 1240 1389 1303 filio
1430 1238 1650 1305 loanni
1678 1240 2008 1323 Baptistae
2047 1241 2316 1307 Etieune
2343 1241 2610 1308 Summo
2637 1242 2849 1323 Magi-

976 1338 1111 1398 stro
1142 1330 1664 1413 congregationis
1691 1334 2040 1413 Missionis,
2071 1335 2344 1417 eiusque
2371 1337 2690 1416 religiosis
2731 1332 2852 1397 So-

978 1426 1231 1489 dalibus
1267 1444 1493 1489 curam
1542 1436 1609 1491 et
1661 1431 1968 1508 regimem
2011 1426 2514 1492 Seminariorum
2557 1430 2616 1491 iu
2659 1428 2852 1508 spiri-

980 1518 1265 1583 tualibus
1302 1538 1381 1583 uo
1420 1522 1878 1601 temporalibus
1921 1524 2002 1585 ab
2043 1518 2400 1585 ordinariis
2437 1521 2850 1601 suscipiendi,

980 1615 1136 1696 quin.
1176 1612 1470 1678 sunctum
1514 1611 1742 1677 Sedem
1783 1614 2222 1695 Aportolicam
2251 1616 2332 1677 ad
2377 1614 2846 1695 impetrandum

981 1708 1045 1770 in
1070 1708 1339 1788 siugulis
1364 1708 1616 1771 casibus
1649 1709 1898 1771 veniam
1929 1708 2140 1786 adeat,
2161 1710 2430 1773 servatis
2453 1717 2664 1771 tumen
2691 1726 2854 1771 nou·

981 1802 1179 1864 nullis
1220 1802 1363 1865 aliie
1392 1802 1860 1866 conditionibus
1891 1848 1909 1865 .
2079 1848 2096 1867 .
2268 1850 2284 1864 .
2450 1844 2466 1862 .
2633 1846 2650 1865 .
2817 1821 2855 1861 n
2895 1794 3014 1863 159

904 1986 1193 2071 Epistola
1230 2019 1313 2037 ·-·
1359 1992 1487 2057 Per
1524 1992 1884 2056 tristissima
1919 1994 2070 2056 haec
2111 1992 2420 2057 Ecclesiae
2457 2000 2734 2071 &mpura
2771 2020 2856 2035 -

976 2084 1079 2146 die
1118 2082 1160 2150 6
1198 2087 1412 2148 martii
1452 2084 1737 2149 Praesidi
1777 2094 1846 2149 et
1881 2084 2222 2150 Sodalibus
2271 2084 2514 2150 Circuli
2555 2082 2620 2147 S.
2679 2083 2840 2145 Am-

980 2178 1176 2241 brosii
1198 2176 1571 2257 Mediolani,
1604 2188 1678 2243 ut
1701 2188 2031 2244 caveauta
2059 2174 2764 2245 catholico-liberalibus
2805 2196 2842 2233 υ
2879 2170 2994 2237 161

905 2363 1140 2431 Similis
1181 2368 1261 2429 ad
1313 2366 1629 2431 Aloisium
1671 2366 2015 2431 Gastonem
2067 2367 2145 2431 de
2203 2365 2410 2447 Segur
2451 2363 2846 2429 canonicum

984 2462 1172 2541 primi
1212 2460 1467 2525 Ordinis
1506 2459 1573 2525 S.
1621 2460 1906 2544 Dionysii
1949 2460 2314 2528 Prae-idem
2347 2456 2610 2523 Uniouis
2637 2454 2860 2519 Socie-

986 2561 1187 2618 tatum
1230 2553 1710 2619 catholicarum
1751 2572 1869 2637 pro
1907 2554 2240 2635 Operariis
2277 2552 2622 2631 (Lutetiam
2663 2548 2854 2611 Pari·

982 2663 1226 2726 siorum
1264 2693 1343 2708 -—-
1383 2661 1523 2727 Etsi
1562 2663 1863 2727 calcanda
1903 2696 1984 2710 -
2023 2661 2122 2724 die
2161 2659 2242 2728 20
2275 2661 2509 2723 martii.
2557 2653 2654 2720 De
2683 2655 2858 2718 chri-

982 2757 1185 2820 stiana
1228 2753 1692 2838 Operariorum
1733 2757 2130 2820 institutione
2272 2801 2286 2816 .
2453 2799 2468 2814 .
2639 2795 2656 2811 .
2823 2767 2860 2805 1·
2897 2742 3010 2811 16⁴

905 2939 1186 3006 Litterae
1216 2943 1626 3024 Apostolicae
1670 2946 1731 3007 in
1762 2944 1963 3006 forma
1991 2941 2214 3006 Brevis
2235 2977 2313 2990 -
2345 2939 2568 3023 Viyore
2597 2933 2850 3004 Rescri—

980 3036 1171 3118 ριί-
1198 3037 1299 3099 die
1338 3035 1418 3102 28
1459 3039 1694 3100 martii.
1729 3035 2053 3102 Universis
2083 3035 2271 3101 Urbis
2311 3043 2378 3098 et
2417 3035 2607 3097 Urbis
2647 3033 2856 3096 tideli-

986 3132 1130 3207 bus,
1158 3133 1269 3211 qui
1298 3147 1567 3211 parvum
1599 3131 1938 3212 scapulare
1969 3131 2234 3193 laneum
2265 3129 2392 3191 albi
2425 3127 2660 3190 coloris
2697 3129 2862 3190 ima-

986 3225 1192 3304 ginem
1236 3221 1301 3286 S.
1334 3221 1555 3288 Cordis
1601 3221 1833 3286 lesuin
1869 3223 2078 3286 medio
2121 3223 2400 3286 referens
2445 3223 2859 3302 gestaverint,

988 3325 1050 3380 et
1094 3317 1283 3380 corde
1327 3319 1549 3381 saltem
1596 3319 1849 3380 contriti
1879 3315 2250 3381 Orationem
2283 3313 2709 3390 Dominicam,
2741 3313 2860 3376 Sa-

988 3410 1365 3474 lutationem
1407 3411 1781 3492 Angelicam
1815 3455 1834 3488 ,
1875 3421 1942 3474 et
1983 3409 2214 3474 Gloria
2257 3409 2436 3472 Patri
2477 3417 2600 3470 etc.
2644 3409 2863 3488 quoli-

988 3504 1097 3566 bet
1135 3507 1281 3567 anni
1321 3505 1421 3566 die
1466 3505 1898 3582 recitaverint,
1941 3511 2202 3566 centum
2231 3502 2480 3564 dierum
2523 3502 2861 3580 indulgen-

991 3595 1182 3753 ffijin
1222 3605 1606 3680 perpetuum
1651 3597 2024 3660 conceditur
2070 3595 2173 3658 vel
2215 3594 2529 3657 defunctis
2572 3595 2862 3674 applica·
2891 3681 3008 3748 ¹66

1035 3708 1053 3751 ι
1108 3705 1137 3752 s
1161 3734 1176 3749 .
1346 3731 1361 3751 .
1528 3735 1544 3751 .
1713 3733 1728 3749 .
1897 3734 1912 3749 .
2079 3735 2095 3750 .
2266 3733 2282 3749 .
2449 3733 2464 3748 .
2633 3731 2649 3748 .
2815 3706 2854 3744 n

916 3871 1260 3940 Decretum
1304 3871 1538 3941 Sacrae
1580 3873 2102 3958 congregationis
2143 3871 2510 3940 Concilii—
2535 3873 2708 3938 Inter
2746 3875 2860 3936 da-

992 3989 1141 4033 mna
1179 3969 1556 4052 pravissima
1596 4005 1676 4014 —
1715 3971 1814 4032 die
1853 3965 1934 4035 30
1963 3969 2205 4049 aprilis.
2253 3967 2350 4030 Ad
2381 3965 2752 4048 Capitulum
2791 3971 2862 4028 et

990 4061 1347 4127 Canonicos
1390 4063 1454 4126 S.
1503 4061 1714 4126 lacobi
1760 4063 1838 4126 de
1878 4061 2059 4126 Cuba
2122 4063 2184 4124 in
2225 4059 2448 4141 Regno
2489 4059 2858 4140 Hispanico.

998 4156 1548 4240 Archiepiscopali
1611 4154 1774 4220 Sede
1835 4165 2099 4218 vacante
2143 4153 2207 4218 S.
2251 4152 2464 4217 lacohi
2507 4155 2586 4215 de
2627 4150 2805 4216 Cuba
2837 4195 2858 4228 ‚

997 4247 1079 4312 l).
1124 4245 1431 4330 Iosephus
1472 4245 1688 4312 Obera
1729 4251 1795 4312 in
1837 4245 2162 4312 vicarium
2205 4245 2644 4326 capitularem
2703 4245 2862 4325 legi-

994 4345 1143 4409 timo
1168 4364 1205 4408 a
1238 4339 1537 4428 Capitulo
1576 4345 1822 4408 clectus
1860 4343 2009 4422 fuit,
2049 4349 2116 4406 at
2153 4337 2318 4403 laica
2359 4349 2640 4422 potestas
2679 4337 2849 4404 alte-
