3292 5275
893 441 1050 526 114

889 594 998 658 ret
1049 584 1360 664 omnino,
1413 584 1489 654 in
1535 589 1756 657 sacra·
1802 583 2109 655 ferretur
2132 628 2155 667 ,
2212 582 2363 675 ipsa
2416 583 2701 657 demum
2752 588 3015 659 summi

887 702 1308 798 Imperantis
1361 704 1436 775 in
1484 698 1951 775 >Othomanico
2006 699 2309 794 Imperio
2364 704 2789 777 auctoritate
2844 728 3023 781 cau-

892 838 1043 900 tum
1098 836 1258 908 est,
1315 826 1480 925 dato
1533 823 1622 894 ad
1679 817 1858 895 Ven.
1899 819 2017 895 Fr.
2074 820 2455 897 Antonium
2510 820 2791 900 Haasun
2850 839 3021 901 tunc

889 947 1080 1021 illius
1116 945 1299 1019 sedis
1330 941 1713 1016 Primatem
1770 945 2123 1037 imperiali
2158 944 2537 1037 diplomate
2572 946 2691 1018 die
2729 936 2776 1017 7
2810 942 3024 1039 Apri-

887 1071 978 1141 lis
1032 1090 1194 1141 ann.
1259 1055 1492 1138 1857.
1555 1061 1735 1137 Cum
1790 1086 1993 1150 vero,
2052 1064 2223 1157 ipsis
2274 1059 2624 1139 Armeniis
2709 1070 3019 1158 petenti-

887 1193 1064 1277 bus,
1121 1186 1981 1281 Constantinopolitanam
2036 1186 2499 1277 primatialem
2556 1182 2961 1261 Ecclesiam
2990 1238 3013 1275 ‚

885 1316 1020 1388 hoc
1075 1315 1230 1386 eius
1285 1311 1490 1385 titulo
1545 1313 1910 1403 abrogato,
1952 1309 2399 1405 patriarchali
2436 1309 2803 1387 Ciliciensi
2856 1314 3011 1387 sedi

889 1434 1370 1508 coniunximus
1427 1434 1835 1525 apostolicis
1892 1432 2189 1521 litteriS,
2226 1451 2526 1527 quarum
2580 1434 2857 1506 initium
2908 1447 3023 1509 est

891 1552 1362 1637 Reum-surus,
1421 1563 1903 1647 opportunum
1940 1554 2109 1647 quin
2150 1564 2223 1624 et
2257 1556 2733 1627 necessarium
2786 1556 3023 1629 visum

891 1688 1027 1762 est,
1083 1686 1164 1751 ut
1219 1674 1590 1770 praecipua
1641 1672 1989 1767 quaedam
2038 1672 2457 1767 disciplinae
2512 1677 2779 1769 capita,
2836 1677 3027 1751 eius·

890 1799 1050 1871 dem
1089 1795 1634 1873 Constitutionis
1686 1796 2133 1879 auctoritate,
2180 1796 2688 1883 sancirentur-3
2742 1796 3029 1871 deman·

891 1920 1054 1994 data
1109 1919 1381 2013 synodo
1433 1915 1913 2011 patriarchali,
1972 1936 2179 2008 quam
2250 1917 2657 2008 apostolicis
2710 1920 3025 2007 litteris,

889 2064 1192 2140 quarum
1243 2041 1514 2113 initium
1563 2050 1675 2113 est
1738 2034 2244 2123 Commissum,
2302 2038 2511 2111 editis
2566 2040 2683 2113 die
2744 2031 2849 2113 12
2906 2039 3029 2114 lu-

891 2166 968 2239 lii
995 2188 1111 2238 an.
1149 2154 1353 2238 1867
1385 2153 1499 2262 (1)
1527 2162 2035 2257 quamprimum
2070 2157 2419 2233 'celebrari
2462 2160 2815 2250 iussimuS,
2854 2184 3031 2239 cura

893 2298 968 2360 et
1021 2284 1486 2359 sollicitudine
1541 2282 1999 2356 adlaboraudi
2045 2330 2071 2369 ,
2122 2291 2201 2353 ut
2254 2283 2325 2352 in
2392 2284 2723 2357 universo
2778 2280 3037 2358 Arme-

891 2408 1008 2479 nio
1063 2401 1555 2479 Patriarchatu
1639 2414 2013 2477 accuratus
2092 2401 2521 2496 disciplinae
2602 2404 2777 2478 ordo
2834 2416 3034 2481 recte

894 2528 1468 2603 constitueretur.

999 2641 1130 2724 23.
1191 2643 1458 2722 Verum
1508 2647 1833 2720 inimicus
1890 2647 2101 2720 homo
2170 2644 2243 2718 in
2282 2643 2619 2720 Armenia
2670 2643 3037 2722 Constan-

895 2771 1359 2867 tinopolitana
1413 2761 1737 2840 Ecclesia
1792 2768 2073 2842 zizania
2128 2770 2684 2859 superseminare
2740 2789 3041 2861 aggres-

895 2915 1014 2967 sus
1067 2901 1198 2978 est,
1253 2892 1568 2963 excitata
1622 2891 1833 2982 paulo
1886 2900 2043 2982 post
2096 2906 2137 2961 a
2194 2889 2551 2963 nonnullis
2606 2891 3037 2983 quaestione

895 3013 986 3086 de
1039 3011 1232 3085 civili
1267 3005 1647 3082 Armeniae
1704 2997 2231 3088 communitatis
2288 3009 2761 3103 praefectura,
2806 3033 3029 3107 quam

889 3135 1294 3225 subreptam
1365 3155 1404 3204 a
1482 3151 1673 3204 novo
1724 3127 2141 3206 Putriarcba
2222 3123 2723 3226 querebantur.
2812 3127 3027 3206 Hanc

891 3276 1063 3330 vero
1127 3253 1681 3327 controversiam
1738 3252 2117 3326 subsecuta
2172 3274 2339 3325 mox
2394 3265 2503 3326 est
2558 3254 2801 3345 gravis
2860 3275 3045 3346 per-

897 3373 1264 3460 turbati03
1317 3372 1647 3468 idemque
1702 3368 2121 3446 Patriarcha
2174 3375 2265 3446 de
2347 3373 2645 3466 proditis
2702 3369 3045 3448 nationa-

889 3498 1068 3568 libus
1151 3494 1422 3567 iuribus
1479 3503 1855 3568 accusatus
1910 3495 2046 3567 fuit
2080 3544 2100 3580 ,
2156 3517 2243 3568 eo
2320 3496 2509 3588 quod
2596 3496 3045 3588 praedictam

894 3614 1490 3690 constitutionem
1521 3611 1873 3700 Nostram,
1915 3618 2023 3689 uti
2062 3615 2357 3688 decebat
2394 3617 2825 3689 catholicum
2862 3614 3050 3709 Epi-

895 3759 1211 3830 scopum,
1265 3737 1666 3826 excepisset
1696 3758 1721 3823 ;
1778 3739 2011 3808 ctsic
2069 3737 2351 3810 demum
2410 3739 2485 3807 in
2554 3739 2773 3830 ipsam
2832 3733 3051 3810 Con-

895 3858 1331 3930 stitutionem
1411 3859 1646 3928 omnia
1704 3855 2193 3930 dissidentium
2248 3857 2539 3930 consilia
2574 3906 2596 3942 ,
2660 3857 3051 3932 machina-

898 3980 1126 4051 tiones
1185 3989 1256 4050 et
1309 3977 1604 4049 dicteria
1652 3979 2173 4069 conspirarunt.

1004 4089 1133 4172 24.
1189 4093 1343 4187 Qua
1401 4099 1475 4170 in
1531 4120 1606 4170 re
1664 4099 1803 4170 duo
1885 4101 2227 4192 imprimis
2306 4103 2381 4172 in
2436 4103 2709 4173 crimen
2766 4115 3049 4178 vocata

1063 4357 1142 4442 (1)
1186 4358 1332 4423 vid.
1377 4357 1544 4462 Acta
1583 4357 1686 4422 Pii
1726 4357 1841 4424 lx.
1886 4357 2042 4425 v01.
2088 4377 2175 4430 ιν.
2223 4379 2371 4443 pag.
2401 4359 2545 4428 318.
2683 4340 2691 4347 ’
