3292 5275
268 638 563 709 boretur
619 657 695 707 ao
755 634 1153 708 vindicetur
1187 682 1209 717 ,
1269 637 1652 708 secundum
1710 636 1880 709 illud
1937 633 2155 707 sancti
2211 631 2388 707 Gre-

270 756 451 847 gorii
508 752 777 847 Magni:
832 752 1025 827 Meus
1064 757 1282 829 bonor
1337 766 1443 828 est
1496 758 1718 829 honor
1773 754 2196 830 universalis
2251 752 2388 829 Ec·

272 877 557 949 clesiae.
598 871 799 949 Meus
855 877 1082 950 bonor
1118 887 1228 949 est
1280 875 1571 948 fratrum
1608 896 1924 949 meorum
1981 874 2240 952 solidus
2277 878 2418 951 vj..-

272 1017 437 1089 gor.,
484 994 666 1070 Tum
718 1018 849 1091 ego
902 1016 1073 1069 vere
1149 996 1537 1069 honoratus
1612 1012 1797 1084 sum,
1855 1016 2018 1071 cum
2095 996 2389 1089 singulis

273 1119 679 1213 quibusque
735 1120 958 1192 bonor
1012 1118 1291 1191 debitus
1344 1138 1483 1189 non
1540 1126 1838 1209 negatur
1891 1108 2023 1214 (1).
2319 1124 2326 1133 ’

494 1234 714 1312 Porro
768 1258 859 1310 ex
912 1258 1241 1329 suprema
1280 1238 1401 1309 illa
1456 1232 1758 1310 Romani
1797 1232 2162 1309 Pontificis
2197 1247 2396 1331 pote·

276 1368 467 1432 state
530 1332 965 1449 gubernandi
1048 1358 1454 1431 universam
1537 1353 1931 1431 Ecclesiam
2003 1356 2116 1429 ius
2167 1353 2424 1429 eidem·

276 1498 443 1551 esse
496 1476 979 1573 consequitur,
1014 1479 1089 1549 io
1121 1478 1335 1553 buius
1390 1479 1499 1551 sui
1559 1480 1874 1551 muneris
1929 1478 2271 1551 exercitio
2307 1477 2398 1549 li·-

276 1599 451 1671 bere
502 1598 1065 1671 communicandi
1122 1620 1285 1672 cum
1340 1599 1740 1692 pastoribus
1795 1610 1867 1670 et
1924 1599 2250 1691 gregibus
2289 1575 2424 1671 to·-

280 1718 433 1791 tius
485 1713 1003 1803 Ecclesiae,·ut
1058 1718 1287 1798 iidem
1320 1718 1411 1791 ab
1464 1718 1620 1809 ipso
1673 1718 1746 1790 in
1801 1716 1918 1791 via
1973 1720 2220 1793 salutis
2274 1718 2398 1792 do·-

280 1838 431 1913 ceri
488 1860 569 1910 ac
622 1840 789 1929 regi·
826 1838 1125 1931 possint.
1167 1833 1401 1926 Quare
1462 1838 1872 1913 damnamus
1927 1862 2012 1913 ac
2068 1839 2402 1933 reproba·-

280 1980 445 2033 mus
500 1959 775 2031 illorum
850 1960 1267 2043 sententias,
1324 1960 1449 2053 qui
1525 1960 1711 2032 hanc
1788 1962 2096 2055 supremi
2151 1958 2429 2052 capitis·

280 2100 449 2152 cum
506 2078 906 2173 pastoribus
960 2090 1034 2151 et
1087 2078 1407 2173 gregibus
1465 2080 2150 2153 communicationem
2205 2080 2402 2153 licite

282 2196 610 2293 impediri
666 2200 881 2291 posse·
924 2194 1189 2278 dicunt,
1238 2209 1364 2273 aut
1416 2200 1732 2273 eamdem
1799 2200 2094 2273 reddunt
2149 2220 2418 2273 saecu-·

282 2320 419 2391 lari
480 2318 801 2410 potestati
856 2320 1253 2404 obnoxiam,
1296 2320 1393 2391 ita
1433 2330 1515 2393 ut
1568 2321 2026 2405 contendant,
2073 2340 2258 2415 quae
2314 2320 2434 2391 ab.

283 2434 691 2531 Apostoli-ea
776 2434 955 2513 Sede
1034 2443 1147 2512 vel
1230 2440 1379 2514 eius
1456 2442 1870 2513 auctoritate
1927 2441 2013 2513 ad
2090 2442 2402 2533 regimen

282 2552 652 2633 Ecclesiae
726 2562 1289 2646 constituuntur,
1346 2562 1496 2632 vim
1552 2582 1629 2633 ac
1696 2561 2010 2633 valorem
2084 2582 2222 2634 non
2279 2562 2406 2635 ha-

284 2681 487 2764 bere,
530 2683 665 2754 nisi
709 2685 1076 2773 potestatis
1133 2685 1517 2757 saecularis
1572 2683 1828 2776 placito
1883 2681 2403 2767 confirmentur.
2533 2669 2539 2675 ’

506 2795 599 2872 Et
636 2803 969 2894 quoniam
1004 2803 1249 2874 divino
1286 2799 1670 2896 Apostolici
1707 2802 2052 2896 primatus
2079 2804 2232 2877 iure
2262 2797 2408 2876 Ro-

284 2941 545 2994 manus
599 2916 923 2994 Pontifex
982 2924 1360 2997 universae
1386 2919 1776 2996 (Ecclesiae
1834 2935 2142 3016 praeest,
2200 2924 2410 2996 doce·

284 3061 451 3115 mus
502 3042 717 3114 etiam
770 3054 846 3113 et
880 3044 1347 3128 declaramus,
1388 3063 1567 3118 eum.
1596 3064 1757 3117 esse
1811 3043 2117 3118 iudicem
2165 3063 2410 3137 supre-

288 3182 489 3236 mum
564 3160 873 3236 fidelium
928 3155 1061 3261 (2),
1114 3174 1191 3235 et
1242 3165 1311 3236 in
1384 3165 1714 3239 omnibus
1787 3165 2020 3239 causis
2095 3165 2180 3237 ad
2233 3185 2408 3239 exa-

286 3301 451 3354 men
506 3283 1067 3356 ecclesiasticum
1102 3285 1625 3378 spectanctibus
1665 3287 1750 3358 ad
1805 3285 2014 3380 ipsius
2051 3305 2254 3380 posse
2295 3285 2410 3360 iu-

291 3401 553 3474 dicium
633 3404 897 3474 recurri
960 3394 1117 3500 (3l3
1170 3400 1371 3476 Sedis
1414 3411 1611 3478 ‘vero
1683 3403 2152 3500 Apostolicae,
2205 3406 2406 3480 cuius

292 3519 711 3597 auctoritate
766 3524 985 3600 maior
1040 3543 1179 3597 non
1234 3537 1369 3611 est,
1426 3524 1772 3602 iudicium
1826 3549 1868 3600 a
1921 3528 2206 3600 nemine
2259 3530 2408 3601 fore

292 3642 847 3726 retractandum,
902 3665 1135 3738 neque
1212 3646 1523 3739 cuipiam
1574 3649 1664 3722 de
1727 3648 1882 3720 eius
1958 3651 2172 3722 licere
2229 3646 2412 3722 iudi-

293 3780 453 3846 care
528 3763 795 3836 iudicio
830 3755 998 3860 ’(4).
1060 3759 1295 3853 Quare
1350 3791 1393 3840 a
1458 3779 1655 3841 recto
1730 3768 2056 3841 veritatis
2131 3765 2410 3842 tramite

294 3883 653 3968 aberrant,
706 3884 831 3977 qui
888 3887 1263 3971 affirmant,
1312 3886 1521 3960 licere
1578 3887 1672 3960 ab
1727 3888 2008 3970 iudiciis
2063 3883 2414 3962 Romano-⁶

458 4100 541 4184 (1)
584 4099 706 4186 Ep.
752 4101 833 4168 ad
882 4098 1121 4188 Eulog.
1166 4103 1586 4193 Alesandrin.
1631 4108 1682 4173 1.
1726 4105 1903 4174 vlu.
1948 4129 2052 4194 ep.
2095 4107 2306 4176 XXX.
2438 4074 2446 4082 ’

458 4193 543 4277 (2)
580 4195 681 4260 Pii
704 4191 957 4260 PP.v1.
974 4194 1206 4279 Breve,
1230 4197 1439 4284 Super
1466 4203 1812 4268 soliditate.
1836 4200 2014 4269 d.28.
2031 4203 2200 4270 Nov.
2223 4199 2408 4272 1786.

458 4285 543 4370 (3)
584 4289 830 4356 Concil.
872 4287 1144 4357 Oecum.
1189 4293 1485 4378 Lugdun.
1530 4295 1612 4361 11.

458 4379 545 4464 (4)
585 4380 707 4470 Ep.
752 4382 1009 4454 Nicolai
1050 4384 1102 4452 1.
1150 4389 1231 4454 ad
1278 4375 1667 4460 michaelem
1709 4387 2188 4480 Imperatorem.
