3292 5275
842 609 969 682 des
1021 607 1223 680 modo
1270 579 1641 702 suppressa
1698 609 2201 692 transferatur,
2257 620 2332 679 et
2367 609 2456 680 de
2495 627 2682 681 novo
2735 610 2966 704 eriga-

848 736 985 810 tur,
1036 747 1221 823 quae
1274 730 1433 803 ideo
1484 724 1932 802 Cathcdralis
1985 730 2350 814 honorem,
2403 732 2552 814 ius,
2617 743 2689 802 et
2744 731 2966 824 privi-

844 848 1101 940 legium
1156 850 1347 922 illico
1384 849 1521 920 sibi
1568 848 2046 938 adsciscatur3
2099 869 2320 944 eoque
2361 846 2798 942 Episcopalis
2835 845 2968 923 Ec-

842 969 1057 1042 clesia
1109 964 1640 1058 Meddellensis,
1677 980 1753 1042 et
1789 965 2212 1062 Antioquiae
2265 965 2779 1061 Metropolitico
2827 971 2962 1043 iuri

846 1086 1144 1164 Sanctae
1200 1084 1397 1161 Fidei
1454 1089 1541 1161 de
1600 1085 1866 1182 Bogota
1932 1089 2212 1172 subeat,
2259 1090 2463 1182 eique
2519 1087 2960 1182 suffragetur.

1054 1201 1131 1281 8.
1190 1205 1497 1282 Arbitrio
1558 1211 1847 1302 insuper
1899 1206 1992 1282 R.
2050 1205 2132 1280 P.
2195 1205 2280 1281 D.
2337 1203 2812 1304 Exequutoris
2849 1209 2970 1282 in-

845 1333 951 1405 fra
1004 1329 1381 1422 deputandi
1420 1329 1634 1404 huius
1691 1325 1974 1403 Decreti
2015 1329 2353 1403 committi
2399 1329 2608 1404 iussit
2639 1326 2969 1406 Summus

844 1449 1177 1524 Pontifex
1232 1450 1867 1543 parochiaiitatem,
1921 1471 2104 1544 quae
2157 1448 2362 1524 modo
2395 1447 2970 1540 inestEcclesiae

846 1569 1244 1646 Cathedraii
1304 1573 1407 1645 sic
1440 1584 1732 1645 erectae
1789 1574 1862 1643 in
1915 1572 2161 1644 eadem
2215 1571 2659 1655 asservandi,
2697 1572 2816 1643 vel
2853 1591 2974 1665 po-

848 1692 988 1767 tius
1042 1693 1333 1765 alteram
1358 1751 1369 1760 .
1394 1689 1794 1766 Ecclesiam
1851 1691 1921 1763 in
1979 1687 2430 1764 Meddellensi
2493 1693 2786 1765 civitate
2837 1694 2973 1764 eli-

847 1811 1083 1906 gendi,
1138 1812 1228 1884 ad
1279 1831 1487 1906 quam
1548 1812 1978 1886 comodius
2031 1821 2240 1906 queat
2306 1812 2494 1884 illam
2553 1813 2967 1896 transferri,

845 1933 1224 2006 contrariis
1270 1931 1826 2026 quibuscumque
1881 1931 2168 2005 minime
2225 1933 2700 2014 obstantibus,
2743 1946 2974 2006 caete-

850 2053 1087 2147 risque
1133 2051 1439 2126 servatis
1492 2055 1581 2126 de
1634 2072 1864 2138 more,
1919 2053 2150 2150 deque
2203 2051 2356 2127 iure
2409 2053 2800 2127 servandis.

1061 2165 1133 2246 9.
1190 2169 1561 2246 Caeterum
1602 2173 1692 2247 ad
1731 2173 2284 2258 translationem,
2313 2172 2768 2259 erectionem,
2807 2196 2974 2248 con—

848 2294 1315 2378 stitutionem,
1372 2307 1445 2367 et
1496 2293 1926 2368 dotationem
1984 2313 2214 2368 novae
2269 2294 2480 2368 huius
2533 2289 2976 2388 Episcopalis

848 2393 1249 2488 Cathedrae
1302 2417 1375 2487 in
1432 2415 1726 2489 civitate
1764 2412 2274 2504 Meddellensi3
2328 2435 2456 2486 nec
2503 2435 2646 2487 non
2681 2436 2810 2508 pro
2847 2417 2979 2488 ha·

840 2535 1190 2610 bitatione
1244 2532 1603 2628 Episcopi,
1659 2535 1956 2630 aliisque
1995 2535 2068 2607 in
2105 2534 2174 2606 id
2213 2533 2624 2608 necessariis
2677 2535 2975 2626 negotiis

827 2653 1135 2733 -omnino
1189 2656 1544 2731 referenda
1598 2668 1673 2729 et
1728 2656 2136 2751 applicanda
2191 2667 2402 2728 erunt
2459 2650 2764 2751 (iisdem
2821 2678 2982 2750 pro-

848 2775 1033 2851 fecto
1086 2778 1533 2851 conservatis
1598 2774 1964 2849 Dioeocsis
2023 2776 2278 2869 priscis
2342 2771 2740 2874 limitibus)
2793 2797 2980 2869 quae

854 2916 983 2988 pro
1038 2890 1465 2991 Antioquiae
1542 2917 1916 2991 suppressa
1989 2892 2383 2990 Episcopali
2437 2890 2618 2967 Sede
2697 2897 2980 2969 fuerunt

854 3026 1203 3091 conventa
1237 3064 1258 3098 ,
1342 3028 1417 3089 et
1472 3028 1772 3101 statuta,
1847 3027 1921 3088 et
1978 3038 2204 3110 usque
2281 3016 2510 3087 adhuc
2567 3016 2984 3103 observatu

850 3136 1109 3231 absque
1168 3138 1306 3209 ulla
1344 3134 1475 3211 alia
1534 3137 2016 3229 derogatione,
2055 3136 2172 3209 vel
2217 3136 2578 3209 contraria
2633 3136 2986 3228 interpre-

854 3254 1115 3331 tatione
1132 3312 1149 3327 .

1070 3367 1186 3449 10.
1247 3372 1547 3453 Domum
1630 3374 2082 3449 Meddeilensi
2147 3373 2400 3469 cuique
2477 3397 2604 3469 pro
2671 3387 2984 3468 tempore

848 3492 1201 3591 Episcopo
1238 3494 1599 3597 Sanctitas
1635 3494 1780 3569 Sua
1819 3494 2128 3588 benigne
2183 3495 2560 3580 concessit,
2599 3506 2678 3567 ut
2713 3494 2781 3566 in
2819 3514 2987 3587 per-

847 3628 1133 3709 petuum
1184 3618 1822 3693 denominationem
1877 3616 2220 3711 acquirat
2257 3618 2526 3689 unitam
2563 3610 2988 3689 neddenen—

842 3734 943 3813 st'c
992 3748 1067 3813 ct
1120 3733 1594 3836 Antioquiae:
1657 3748 2018 3810 reservata
2101 3747 2340 3809 tamen
2395 3732 2592 3819 Sibi,
2649 3746 2724 3808 et
2777 3731 2985 3828 Apo·

846 3855 1131 3930 stolicae
1186 3853 1484 3931 Sanctae
1536 3854 1701 3931 Sedi
1757 3858 2048 3931 aiteram
2127 3856 2708 3951 quandocumque
2773 3854 2976 3929 eius-

845 3976 1007 4052 dem
1059 3972 1417 4051 Dioecesis
1480 3978 1774 4051 ineundi
1827 3977 2582 4072 cimumscriptionem.

1064 4086 1185 4169 11.
1245 4093 1505 4173 Taxam
1560 4120 1738 4173 vero
1811 4120 2042 4172 novae
2109 4097 2214 4171 sic
2266 4106 2548 4171 erectae
2623 4092 2987 4169 Ecclesiae

848 4209 1374 4299 Meddelleusis,
1428 4232 1503 4294 et
1538 4216 1968 4313 Antioquiae
2011 4220 2326 4293 eamdem
2363 4238 2522 4291 esse
2549 4216 2774 4289 voluit
2807 4211 2990 4289 San-

846 4334 1211 4411 .ctissimus
1237 4332 1555 4416 Pontifex
1613 4340 1688 4411 in
1743 4338 2046 4431 singulis
2085 4336 2702 4413 Consistoriaiibus
2741 4358 2991 4432 propo-
