3292 5275
2323 495 2478 578 359

1118 621 1728 758 DECRETVM
2112 615 2180 748 ι’

369 951 447 999 DF.
485 947 931 998 svprnesstoffi
974 947 1369 999 crisconius
1403 947 1583 996 sBms
1610 947 1994 1007 Aurtoqvus
2038 947 2098 996 m
2131 947 2474 998 nervuum

475 1069 987 1120 attenuarent-:nst
1018 1068 1098 1117 BT
1132 1069 1209 1117 DE
1254 1069 1457 1116 tutvs
1489 1065 1963 1117 ‘ramstntonz
2005 1067 2083 1116 ET
2126 1064 2476 1118 Enficrlonss

475 1190 537 1238 ΙΝ
576 1187 819 1239 Ammo
874 1189 1079 1238 ctvtco
1125 1187 1347 1238 otwino
1388 1185 1845 1238 menusanum.

363 2253 815 2438 Apostolici
882 2345 1256 2418 ministerii
1327 2367 1632 2431 munus,
1701 2347 1888 2438 quod
1959 2367 2085 2437 pro
2151 2346 2474 2419 omnibus

286 2455 293 2462 ’
359 2461 703 2539 Catholici
741 2463 947 2539 Orbis
1004 2463 1340 2539 Ecclesiis
1401 2463 1713 2539 Romano
1749 2461 2069 2540 Pontifici
2129 2467 2480 2540 maximo-

358 2605 519 2679 pere
559 2587 913 2673 incumbit,
952 2589 1372 2683 pastoralem
1404 2583 1596 2660 Illius
1630 2599 1863 2660 movet
1903 2585 2474 2675 sollicitudiuem,

354 2727 499 2779 non
552 2709 756 2782 modo
810 2709 895 2780 ad
951 2730 1169 2781 novas
1207 2704 1658 2800 Episcopalcs
1707 2702 1924 2779 Sedes
1981 2728 2314 2800 persaepe
2367 2706 2469 2779 in-

356 2826 741 2902 stituendas
798 2849 923 2921 pro
976 2823 1421 2902 Christianae
1506 2826 1676 2899 fidei
1740 2828 2295 2920 promulgatione
2327 2879 2348 2914 ,
2404 2842 2479 2901 et

354 2950 918 3033 conservatione,
978 2949 1099 3019 sed
1156 2951 1371 3020 etiam
1412 2969 1539 3041 pro
1582 2959 1972 3040 temporum
2029 2949 2475 3035 necessitate,

356 3076 426 3139 et
479 3068 791 3141 locorum
846 3068 1376 3162 opportunitate
1433 3068 1523 3141 ad
1561 3070 1700 3139 iam
1742 3081 2039 3153 erectaS,
2099 3078 2310 3162 atque
2366 3070 2477 3141 in-

355 3190 637 3262 stitutas
691 3188 855 3264 aiibi
934 3189 1496 3276 transferendaS,
1580 3200 1661 3260 ut
1742 3189 2019 3260 meliori
2085 3188 2477 3261 animarum

353 3308 695 3402 spirituali
747 3310 935 3383 bono
991 3322 1063 3382 et
1117 3308 1602 3382 commoditati
1667 3307 1933 3383 consuli
2010 3315 2248 3401 queat.
2307 3303 2476 3381 Ideo

353 3450 510 3501 curn
564 3426 1059 3503 Sanctissimus
1114 3426 1455 3503 Dominus
1512 3424 1766 3501 Noster
1838 3424 2006 3500 Pius
2071 3428 2288 3503 huius
2347 3452 2478 3502 no-

348 3548 555 3621 minis
602 3544 845 3623 Nonus
920 3550 1166 3624 divina
1218 3544 1676 3624 Providentia
1729 3546 2066 3622 Summus
2140 3546 2474 3623 Pontifex

352 3682 775 3763 compertum
803 3668 1161 3753 habuerit,
1198 3672 1271 3741 in
1301 3666 1854 3760 Neogranatensi
1887 3662 2280 3761 Republica
2309 3664 2480 3763 Epi-

352 3790 702 3883 scopaiem
756 3784 1003 3867 Sedem
1059 3784 1515 3885 Antioquiae‚
1579 3808 1754 3883 quae
1795 3810 1832 3860 a
1874 3809 1930 3860 s.
1972 3810 2067 3860 m.
2109 3782 2234 3863 Pio
2287 3784 2477 3882 Papa

348 3904 660 4003 Septimo
698 3906 1247 3984 Praedecessore
1288 3907 1432 3982 Suo
1474 3910 1744 3982 dudum
1785 3908 2012 3982 fuerat
2047 3922 2307 3997 erecta,
2348 3933 2480 4003 op·

346 4030 717 4121 portunius
771 4043 980 4123 atque
1018 4031 1266 4105 utilius
1305 4032 1453 4103 fore
1510 4030 1574 4101 si
1633 4028 1850 4101 modo
1905 4028 1986 4101 ad
2047 4032 2341 4101 altorum
2379 4029 2481 4101 ci-

345 4147 575 4221 vicum
630 4148 962 4244 oppidum
1016 4150 1227 4242 vulgo
1283 4144 1619 4221 Medellin
1683 4146 2000 4221 ciusdem
2057 4144 2474 4223 Provinciae

345 4280 417 4339 et
474 4267 871 4342 dioecesani
931 4270 1265 4342 territorii
1326 4272 1852 4418 transferretur,
1893 4270 2255 4361 negotium
2311 4290 2478 4342 con-

348 4390 527 4463 sulto
587 4390 977 4486 perpendit.
