3292 5275
2240 470 2405 561 151-

286 621 446 695 viee
497 620 870 693 dumtaxat
923 631 1144 703 metu,
1185 621 1612 707 scientia,-el
1669 618 2037 713 potestatis
2092 620 2397 711 plenitu-

288 740 448 815 diue·
501 740 840 815 similibus
892 742 1132 815 harum
1188 762 1466 835 quoque
1531 741 1713 813 serie
1768 740 2214 831 derogamus,
2274 761 2401 817 oe·-

289 862 596 955 terisque
651 860 1018 935 contrariis
1073 862 1659 954 quibuscumque.

499 977 838 1055 Volumus
877 992 1114 1055 autem
1161 982 1350 1074 quod
1397 982 1647 1053 effatus
1688 975 2003 1053 Valerius
2046 975 2399 1059 Antonius

289 1098 684 1195 Episcopus
739 1103 887 1172 sive
945 1103 1097 1173 eius
1179 1100 1673 1193 subdelegatus
1754 1099 1935 1170 infra
1993 1120 2257 1172 annum
2315 1100 2405 1171 ab

291 1224 577 1315 expleta
615 1223 679 1292 ei
717 1221 1138 1293 demandata
1177 1220 1646 1314 exequutione
1684 1221 2053 1310 diligenter
2092 1218 2181 1293 ad
2220 1220 2399 1293 bane

295 1338 758 1436 Apostolicam
813 1336 1064 1412 Sedem
1123 1341 1586 1412 transmittere
1666 1334 1990 1411 teneatur
2046 1339 2409 1410 authenti-

298 1484 456 1535 cum
514 1462 873 1553 exemplar
928 1457 1387 1535 Decretorum
1441 1460 1753 1533 omnium
1811 1462 1886 1530 in
1940 1460 2407 1552 exequutione

301 1583 776 1665 ferendorum,
819 1582 890 1652 in
943 1580 1198 1674 quibus
1252 1580 1699 1651 declarentur
1756 1600 1899 1651 non
1954 1580 2176 1649 solum
2235 1599 2411 1650 con-

301 1701 464 1773 finia
544 1682 754 1775 huius
839 1722 1063 1775 novae
1145 1696 1506 1771 Dioecesis
1594 1695 2083 1793 Antioquien.,
2170 1719 2413 1771 verum

301 1824 514 1897 etiam
565 1818 912 1893 Civitates
967 1816 1242 1913 Oppida
1298 1832 1372 1895 et
1423 1816 1803 1897 Paroeciae
1858 1822 2041 1895 intra
2098 1822 2405 1899 confinia

301 1942 704 2015 huiusmodi
761 1945 1260 2035 comprehensa
1299 1945 1709 2015 nominatim
1758 1959 2293 2037 recenseantur,
2326 1948 2415 2023 ad

304 2062 436 2133 hoc
489 2076 565 2133 ut
620 2064 862 2136 eadem
917 2066 1134 2137 etiam
1187 2066 1260 2136 in
1297 2062 1628 2137 Archivio
1692 2070 2046 2159 praefatae
2102 2065 2416 2161 Congre-

305 2185 608 2277 gationis
664 2200 1006 2279 perpetuo
1061 2190 1148 2259 ad
1204 2190 1795 2282 opportunitatem
1877 2201 2407 2262 conserventur.

519 2300 860 2382 Volumus
917 2312 1126 2383 etiam
1180 2311 1368 2405 quod
1425 2310 1905 2400 praesentium
1988 2306 2411 2384 Litterarum

309 2432 760 2522 transumptis
817 2434 1030 2503 eliam
1085 2430 1460 2525 impressiS,
1521 2450 1729 2501 manu
1794 2440 2031 2503 tamen
2114 2430 2415 2505 alicuius

311 2553 569 2622 notarii
626 2552 882 2647 publici
939 2549 1378 2644 subscriptiS,
1421 2560 1495 2621 et
1531 2551 1757 2642 sigillo
1816 2553 2115 2623 alicuius
2172 2574 2419 2645 perso-

251 2695 444 2746 ·nae
500 2676 566 2744 in
623 2676 960 2766 dignitate
1035 2672 1504 2744 ecclesiastica
1581 2675 2010 2746 constitutae
2094 2675 2418 2759 munitm,

311 2796 558 2868 eadem
614 2817 898 2887 prorsus
955 2793 1122 2864 fides
1180 2794 1252 2864 in
1308 2793 1572 2864 iudicio
1611 2803 1686 2864 et
1742 2806 1939 2866 extra
1997 2795 2169 2866 illud
2226 2795 2423 2867 adhi-

313 2916 598 2997 beatur,
648 2937 830 3009 quae
886 2917 1148 2988 eisdem
1204 2909 1494 2986 Litteris
1550 2915 2026 3004 adhiberetur,
2080 2916 2139 2986 si
2196 2915 2422 2988 forent

313 3035 666 3109 exhibitae
708 3038 821 3109 vel
877 3048 1230 3108 ostensae.
1287 3030 1478 3108 Nulli
1517 3055 1683 3126 ergo
1722 3035 2006 3116 omnino
2060 3037 2423 3110 hominum

317 3160 527 3230 liceat
581 3157 763 3228 hanc
818 3157 1144 3248 paginam
1201 3149 1500 3228 Nostrae
1578 3156 2069 3239 absolutionis,
2128 3156 2426 3246 abroga-

317 3277 564 3360 tionis,
623 3274 1258 3348 dismembrationis
1296 3322 1319 3358 ,
1379 3274 1889 3367 separationis,
1946 3275 2425 3367 exemptioniS,

320 3397 808 3480 restitutionis,
865 3393 1438 3480 adiudicationis,
1495 3393 1907 3482 evectionis„
1946 3394 2429 3482 subiectioniS,

321 3516 791 3592 institutionis
846 3518 1221 3610 praecepti,
1278 3517 1551 3600 statuti,
1605 3513 1943 3602 mandati,
1998 3515 2433 3590 commissio-

325 3641 460 3724 nis,
522 3637 814 3721 decreti,
875 3636 1342 3728 derogationis
1426 3649 1500 3709 et
1553 3638 1936 3708 voluntatis
2020 3637 2427 3730 infringere,

323 3763 441 3832 vel
496 3760 558 3830 ei
617 3779 796 3830 ausu
856 3759 1218 3830 temerario
1275 3757 1655 3830 contraire.
1701 3750 1772 3825 Si
1811 3757 1971 3850 quis
2012 3769 2243 3828 autem
2300 3757 2431 3831 hoe

327 3891 677 3956 attentare
733 3877 1280 3974 praesumpserit
1335 3874 1891 3968 indignationem
1928 3871 2433 3976 omnipotentis

329 3999 487 4086 Dei,
543 4023 626 4074 ac
679 3995 1056 4072 Beatorum
1108 3995 1299 4070 Petri
1354 4009 1425 4072 et
1477 3991 1679 4072 Pauli
1736 3991 2229 4089 Apostolorum
2280 3997 2435 4077 eius

331 4143 407 4194 se
461 4121 742 4195 noverit
793 4119 1300 4192 incursurum.>
