3292 5275
890 667 1063 741 tifex
1118 665 1361 755 edixit,
1418 667 1606 762 quod
1662 667 1811 760 ipse
1869 687 2099 741 novus
2156 659 2746 759 Archiepisoopus
2799 661 3010 738 Muti-

890 788 1159 874 nensis,
1203 800 1360 881 post
1422 788 1940 880 expeditionem
1978 782 2402 860 Litterarum
2441 785 3008 880 Apostoliearum

890 909 979 982 ad
1044 906 1417 1002 praefatam
1482 907 1920 981 obtinendam
1975 903 2574 1002 Metropolitanam
2607 955 2629 990 ,
2687 907 3011 1002 supradi-

887 1039 1083 1103 etum
1135 1048 1407 1123 quoque
1436 1021 1943 1102 Monasterium
1998 1050 2124 1121 per
2181 1029 2354 1101 alias
2390 1024 2830 1121 Apostolieas
2869 1025 3010 1100 Lit-

890 1159 1073 1224 teras
1152 1148 1469 1222 obtineat
1542 1151 1618 1222 in
1681 1146 2198 1223 Commendam.
2277 1144 2728 1243 Quapropter
2800 1151 2953 1244 ipse
2983 1199 3006 1239 ,

888 1282 1136 1366 utpote
1191 1264 1609 1344 Mutinensis
1684 1267 2271 1366 Archiepiseopus
2344 1284 2417 1343 et
2489 1265 2722 1344 Abbas
2798 1267 3010 1345 Com-

890 1393 1375 1466 mendatarius
1436 1386 1509 1463 S.
1545 1387 1868 1466 Silvestri
1924 1393 2008 1466 de
2061 1389 2490 1480 Nonantula,
2547 1393 2833 1487 utrique
2889 1397 3008 1466 in-

890 1515 1097 1589 simul
1159 1509 1481 1586 Dioeeesi
1567 1535 1657 1586 ex
1740 1515 2023 1609 speciali
2103 1517 2524 1588 auctoritate
2598 1510 3007 1608 Apostoliea

891 1637 1211 1731 praesit,
1268 1646 1478 1728 atque
1533 1636 1966 1730 prospiciat3
2018 1637 2391 1709 contrariis
2449 1636 3008 1730 quibuscumque

892 1755 1174 1830 minime
1229 1755 1698 1860 obstantibus,
1740 1751 1889 1829 Hoe
1948 1759 2186 1851 itaque
2223 1752 2602 1830 Decretum
2655 1753 3008 1830 Sanctitas

892 1873 1033 1952 Sua
1091 1878 1301 1952 iussit
1356 1866 1552 1964 ferr‘i,
1596 1877 1684 1949 ad
1741 1879 1843 1950 rei
1897 1879 2300 1950 memoriam
2358 1891 2428 1950 et
2483 1879 3012 1952 observantiam

892 2001 966 2074 in
1020 1995 1334 2075 Archivo
1388 1995 1463 2072 S.
1513 1993 2087 2091 Congregationis
2142 1994 2662 2073 Consistorialis
2715 1999 3016 2093 origina-

890 2119 1051 2196 liter
1104 2121 1663 2196 custodiendum.

1106 2237 1367 2315 Datum
1403 2236 1668 2314 Romae
1723 2241 1858 2318 bae
1897 2239 2010 2314 die
2046 2254 2298 2318 octava
2336 2241 2587 2315 mensis
2617 2238 2781 2315 Maii
2821 2262 3011 2316 anno

894 2357 1173 2436 Domini
1235 2363 1600 2438 millesimo
1668 2365 2253 2457 octingentesimo
2337 2365 2846 2460 septuagesimo
2909 2385 3016 2438 se-

895 2483 1155 2558 eundo.

1208 2722 1543 2801 Rocsmvs
1598 2722 2142 2802 Anrrcr-Mnrm
2197 2722 2602 2799 Patriareha
2663 2723 3016 2801 Constan-

1317 2851 1611 2945 tinopol.
1693 2848 1768 2923 S.
1836 2846 2412 2944 Congregationis
2491 2844 3012 2925 Consistorialis

1313 2994 1357 3045 a
1412 2968 1741 3045 Secretis.

893 3212 1105 3315 affl
1136 3212 1211 3291 s.
