3292 5275
916 526 1071 611 ¹32

908 691 1067 745 eum
1123 672 1245 743 illo
1300 669 1803 743 communicare
1841 668 2076 762 quoad
2093 664 2319 740 'fldem
2375 678 2446 740 et
2501 656 2845 759 dogmata,
2899 680 3028 739 ve-

908 810 1059 863 mm
1112 789 1319 885 ctiam
1376 790 1670 863 subesse
1723 789 1957 883 quoad
2012 789 2186 860 ritus
2237 799 2314 861 et
2333 774 2860 881 disciplinam:
2915 777 2926 802 ¹

1116 905 1270 999 Qua
1324 912 1400 983 in
1456 930 1535 981 re
1588 930 1676 981 ne
1731 908 2254 1004 praetermittas
2279 904 2677 981 Armenios
2729 900 3027 980 omues-

900 1050 1041 1125 qne
1094 1024 1487 1103 orientales
1540 1029 1833 1103 edocere
1856 1076 1879 1113 ,
1935 1037 2274 1123 quantum
2315 1028 2747 1101 'discriminis
2797 1026 3024 1099 disci-

908 1152 1166 1243 plinam
1219 1152 1407 1225 inter
1440 1160 1511 1221 et
1548 1150 1763 1221 ritum
1814 1148 2233 1234 intercedat,
2271 1150 2475 1223 cuius
2511 1147 2878 1242 utriusque
2913 1148 3023 1221 rei

904 1270 1225 1345 confusio
1263 1270 1543 1343 illorum
1576 1254 1884 1345 fidelium
1936 1278 2238 1342 mentem
2275 1268 2667 1363 perturbat,
2699 1268 3023 1361 pluribus

906 1388 1321 1486 iniustisque
1358 1388 2277 1485 querimoniis-occasionem
2308 1372 2647 1483 praebere
2685 1386 3023 1461 non-‘cesa

900 1521 1041 1595 sat,
1097 1530 1315 1605 eaque
1368 1512 1670 1583 maxime
1725 1510 2113 1585 abutuntur
2153 1510 2250 1582 ad·
2291 1506 3022 1582 conflandam‘contra

904 1624 1373 1724 Apostolicam
1424 1626 1680 1704 Sedem
1715 1629 2050 1704 invidiam
2085 1629 2132 1701 ii
2152 1647 2432 1714 omnes,
2474 1632 2602 1725 qui
2639 1629 3020 1704 salutarem

903 1749 1216 1825 eiusdem
1270 1746 1473 1825 Sedis
1526 1752 1880 1824 actionem
1916 1760 1988 1823 et'
2023 1750 2163 1824 vim
2210 1752 2284 1823 in
2335 1747 2732 1825 orientales
2777 1746 3022 1823 Eccle-

900 1872 1045 1945 sias
1092 1872 1427 1968 impedire
1463 1882 1591 1944 aut
1629 1872 2048 1945 imminuere
2085 1873 2377 1945 minime
2403 1882 2755 1945 verentur.
2783 1864 3024 1964 'Equi-

904 1993 1063 2067 dem
1116 1988 1257 2067 Nos
1311 2013 1455 2068 una
1511 2014 1676 2067 cum
1729 1988 2404 2065 Pracdecessoribus
2455 1986 3023 2065 Nostrisorien-

905 2116 1079 2187 tales
1106 2138 1113 2152 ·
1137 2113 1317 2189 ritus
1372 2113 1762 2187 servandos
1815 2131 1972 2186 csse
2009 2112 2537 2197 declaravimus,
2579 2112 2861 2208 quoties⁴
2893 2129 3023 2185 ne-

902 2254 1043 2325 que
1097 2229 1298 2306 Fidei
1353 2246 1425 2306 et
1480 2235 1739 2307 unitati
1793 2234 2180 2307 catholicae
2235 2242 2735 2326 repugnarent,
2791 2252 3020 2328 neque

902 2355 1423 2429 ecclesiasticae
1460 2356 1882 2447 derogarent
1917 2354 2295 2427 honestati.
2337 2350 2541 2443 Quod
2577 2354 2852 2449 quidem
2889 2356 3024 2428 mi-

902 2474 1093 2548 nime
1149 2476 1464 2569 impedit,
1519 2477 1926 2571 quominus,
1967 2476 2044 2547 in
2073 2476 2191 2548 his
2214 2476 2635 2568 praesertim
2670 2478 2850 2570 quae
2879 2470 3022 2549 Eci·

900 2594 1369 2670 clesiasticum
1422 2598 1732 2689 regimen
1789 2593 2204 2690 respiciunt,
2259 2596 2618 2669 canonica·
2650 2588 3020 2691 disciplina

900 2716 1128 2813 quoad
1186 2719 1577 2813 praecipua
1608 2720 1862 2790 saltem
1915 2717 2151 2811 capita
2187 2716 2446 2812 ubique
2501 2719 2903 2803 cohaereat,
2944 2731 3022 2793 et

898 2837 1020 2910 uhi
1075 2839 1347 2913 incerta
1380 2841 1494 2912 vel
1530 2840 1839 2932 collapsa
1890 2839 2114 2910 fuerit‘
2161 2839 2603 2913 restituatur.
2647 2833 2892 2934 Neque
2927 2837 3020 2911 ab

902 2961 1035 3034 hoc
1090 2981 1417 3055 umquam
1478 2959 1930 3033 deflectemus
1956 3004 1978 3044 ,
2055 2951 2714 3052 prout’Apostolici
2779 2953 3021 3032 Nostri

899 3073 1267 3155 ministerii
1320 3097 1579 3153 munus
1630 3079 1917 3153 omnino
1955 3081 2314 3172 postulat.‘
2347 3079 2588 3175 'Atque
2633 3079 2896 3154 idcirco
2930 3101 3020 3154 eo

900 3202 1185 3278 consilio
1236 3197 1558 3275 Nostram
1612 3197 2210 3273 Constitutionem
2277 3199 2625 3275 edidimus
2691 3195 2789 3272 tv·
2847 3195 3019 3274 Idus

902 3319 1116 3400 Iulias
1171 3323 1288 3400 an.
1328 3317 1919 3407 MDGchxvn,
1955 3323 2162 3396 cuius
2199 3319 2482 3397 initium
2517 3334 2625 3396 est
2673 3317 3020 3395 Reversu-

898 3455 1080 3536 ru33
1132 3466 1341 3541 quam
1394 3445 1466 3517 in
1520 3452 1651 3515 suo
1705 3443 1958 3514 robore
2009 3463 2294 3517 manere
2355 3443 2728 3530 volumu33
2791 3455 2866 3516 et
2920 3443 3018 3517 ab

901 3565 1215 3644 omuibus
1254 3566 1339 3637 ad
1393 3587 1571 3659 quos
1612 3549 1936 3658 'pertinet
1973 3563 2350 3656 diligenter
2397 3561 2801 3637 observarit
2841 3559 3020 3636 nihil

896 3689 1087 3764 enim
1138 3709 1222 3761 ca
1274 3672 1743 3787 opportunius
1797 3695 1905 3758 est
1963 3685 2047 3757 ad
2101 3685 2659 3758 ecclesiasticam
2725 3681 3022 3757 liberta·-

896 3815 1045 3887 tem
1098 3807 1472 3888 tuendam,
1514 3802 1601 3878 ad
1640 3824 1998 3878 sacrorum
2055 3801 2462 3880 Anti‘stitum
2517 3803 2666 3876 iura
2705 3804 3023 3877 auctori·

900 3945 1251 4024 tatemque
1306 3926 1826 4012 vindicandam,
1883 3938 1953 3998 et
1999 3927 2092 3998 'ad
2148 3923 2562 4000 catholicam
2598 3925 3018 4016 religionem

900 4065 1120 4148 atque
1170 4051 1519 4124 unitatem
1574 4045 1790 4138 magis
1845 4048 2200 4142 magisque
2257 4046 2838 4121 conservandam.

1096 4165 1247 4261 ‘Qui
1300 4181 1533 4242 autem
1586 4169 1784 4240 hacc·
1817 4161 2261 4260 Apostolicae
2318 4161 2518 4241 Sedis
2575 4168 2729 4241 iura
2782 4179 2854 4238 et
2905 4167 3020 4241 of-

897 4293 1063 4368 ficia
1099 4294 1216 4366 vel
1254 4285 1601 4380 abnegant
1655 4290 1772 4361 vel
1826 4267 2374 4382 parvipendunt,
2403 4304 2542 4382 qua
2580 4287 2859 4359 demum
2903 4282 3018 4359 ra'·

900 4417 1135 4500 tione,
1192 4425 1335 4512 quo
1389 4411 1621 4488 animo
1678 4426 1876 4490 suam
1919 4419 2096 4508 ‘erga
2153 4409 2344 4486 illam
2409 4407 2886 4488 reverentiam
2943 4419 3020 4486 et
