3292 5275
2253 515 2410 597 307

290 679 477 742 mus,
536 653 817 751 Vosque
874 669 948 729 et
1000 678 1243 729 omnes
1298 657 1589 729 dilectos
1642 651 1860 728 Filios
1915 655 2096 728 curis
2151 660 2408 730 vestris

290 779 593 850 creditos
646 777 883 850 fideles
940 778 1022 849 ad
1078 777 1393 849 divinam
1430 771 1869 849 Maiestatem
1905 776 2194 849 fervidis
2248 799 2412 870 pre-
2463 855 2468 862 ,

286 899 493 971 cibus
551 899 965 990 placandam
1000 899 1491 971 excitavimus.
1550 892 1658 967 Ex
1713 916 1796 969 eo
1854 906 2168 988 tempore
2223 900 2410 971 mala

286 1031 362 1089 et
418 1017 880 1098 calamitates,
916 1038 1095 1111 quas
1130 1019 1359 1110 prima
1398 1018 1520 1088 illa
1562 1016 1884 1090 luctuosa
1937 1017 2412 1108 experimenta

286 1131 513 1210 Nobis
569 1149 640 1210 et
714 1138 881 1211 huic
936 1133 1107 1208 Urbi
1172 1137 1771 1230 praenunciabant
1804 1183 1826 1220 ,
1885 1135 2186 1210 nimium
2239 1157 2412 1210 vere

286 1259 361 1330 in
418 1259 877 1352 apostolicam
960 1259 1376 1351 dignitatem
1428 1270 1501 1327 et
1556 1257 2080 1340 auctoritatem,
2139 1258 2212 1328 in
2269 1252 2412 1329 Re·-

286 1379 573 1472 ligionis
625 1399 1038 1472 morumque
1075 1377 1538 1462 sanctitatem,
1578 1379 1650 1448 in
1691 1377 2188 1449 dilectissimos
2245 1379 2414 1452 sub-

284 1497 473 1572 ditos
526 1493 818 1572 Nostros
878 1499 1099 1590 reipsa
1156 1497 1660 1570 redundarunt.
1719 1491 1902 1584 Quin
1959 1497 2174 1569 etiam
2201 1547 2227 1584 ‚
2281 1493 2414 1569 Ve-

288 1619 639 1690 nerabiles
694 1613 1009 1700 Fratres,
1068 1615 1587 1691 conditionibus
1644 1637 1884 1690 rerum
1939 1617 2248 1711 quotidie
2305 1621 2412 1690 in-

286 1739 899 1832 gravescentibus,
938 1737 1168 1811 dicere
1224 1737 1537 1832 cogimur
1574 1733 1816 1810 Sancti
1855 1733 2190 1812 Bernardi
2246 1761 2414 1813 ver-

288 1859 423 1931 bis:
483 1857 684 1930 initia
722 1861 1071 1932 malorum
1108 1869 1276 1930 sunt
1313 1859 1519 1944 haec;
1554 1859 1879 1951 graviora
1923 1858 2247 1931 timemus
2277 1851 2408 1957 (1).

288 1975 635 2074 Iniquitas
690 1981 879 2052 enim
938 1979 1127 2053 viam
1166 1999 1369 2051 suam
1410 1988 1653 2052 tenere
1710 1977 1933 2071 pergit
1987 1989 2060 2050 et
2113 1981 2408 2052 consilia

290 2113 703 2193 promovet,
763 2119 991 2194 neque
1046 2101 1188 2172 iam
1245 2099 1447 2172 valde
1502 2099 1800 2183 laborat,
1861 2109 1938 2171 ut
1991 2099 2234 2172 velum
2287 2101 2412 2173 ob-

289 2223 502 2296 ducat
559 2222 893 2314 operibus
948 2221 1099 2293 suis
1156 2217 1477 2312 pessimis
1530 2239 1714 2312 quae
1780 2221 1996 2291 latere
2054 2239 2193 2290 non
2248 2241 2410 2311 pos-

289 2355 477 2428 sunt,
533 2351 743 2435 atque
798 2341 1075 2414 ultimas
1130 2361 1222 2412 ex
1277 2341 1688 2411 conculcata
1743 2339 2044 2424 iustitia,
2085 2339 2411 2413 honesta-

290 2475 389 2546 te,
448 2462 783 2556 religione
840 2463 1138 2534 exuvias
1194 2462 1453 2532 referre
1512 2461 1772 2533 studet.
1831 2453 1976 2532 Has
2039 2461 2226 2533 inter
2279 2483 2408 2533 an-

288 2584 558 2677 gustias
592 2631 615 2668 ,
672 2603 855 2676 quae
930 2580 1080 2654 dies
1134 2575 1425 2655 Nostros
1482 2580 1946 2653 amaritudine
1999 2581 2407 2674 complent,

290 2704 705 2796 praesertim
760 2704 927 2774 dum
978 2703 1371 2793 cogitamus
1424 2702 1679 2795 quibus
1736 2702 1806 2773 in
1862 2702 2014 2774 dies
2068 2704 2406 2796 periculis

288 2834 360 2895 et
417 2821 685 2895 insidiis
739 2821 979 2894 fideles
1029 2832 1107 2893 et
1161 2822 1395 2895 virtus
1442 2824 1680 2916 populi
1718 2818 1954 2894 Nostri
2009 2822 2406 2908 subiicitur,

288 2944 545 3017 eximia
600 2944 847 3015 merita
902 2953 1164 3024 vestra,
1225 2935 1678 3016 Venerabiles
1733 2940 2043 3026 Fratres,
2101 2954 2175 3015 et
2231 2942 2408 3015 dile-

288 3042 565 3137 ctorum
618 3058 831 3135 Nobis
886 3061 1229 3148 fidelium,
1264 3082 1437 3154 quos
1474 3084 1647 3138 cura
1702 3076 1939 3137 vestra
1993 3065 2408 3157 complecti—

292 3196 429 3269 tur,
485 3186 639 3256 sine
695 3184 1088 3277 gratissimo
1143 3180 1355 3254 animi
1412 3204 1620 3259 sensu
1680 3185 1990 3257 recolere
2046 3196 2168 3257 aut
2219 3204 2406 3256 com-

286 3326 675 3378 memorare
730 3324 869 3375 non
922 3324 1315 3398 possumus.
1374 3299 1455 3374 In
1538 3306 1727 3377 omni
1783 3303 1973 3376 enim
2055 3316 2404 3377 terrarum

231 3411 241 3419 ’
289 3425 483 3519 plaga
544 3425 1145 3498 exhortationibus
1210 3420 1481 3496 Nostris
1558 3424 1945 3497 admirabili
2001 3425 2236 3497 studio
2291 3448 2408 3499 re·-

290 3546 715 3639 spondentes
768 3543 1305 3629 Christifideles,
1339 3539 1622 3638 Vosque
1679 3546 1894 3619 duces
1949 3558 2022 3618 et
2075 3548 2402 3641 exempla

288 3666 599 3759 sequuti,
656 3688 745 3739 cx
801 3666 1103 3739 infausto
1158 3668 1279 3739 illo
1334 3667 1449 3738 die
1504 3677 1950 3759 expugnatae
2006 3664 2215 3739 liuius
2270 3660 2406 3737 Ur-

286 3787 397 3859 bis
455 3787 757 3861 assiduis
811 3809 895 3860 ac
952 3790 1397 3869 ferventibus
1450 3788 1774 3880 precibus
1837 3788 2276 3873 institerunt,
2332 3802 2404 3861 et

288 3926 411 3979 seu
469 3909 767 4000 publicis
822 3916 1031 4002 atque
1088 3910 1360 3981 iteratis
1414 3908 2068 4003 supplicationibus,
2107 3930 2235 3983 seu
2293 3932 2406 3984 sa-

289 4028 427 4099 cris
482 4031 1169 4122 peregrinationibus
1226 4030 1563 4125 susceptis
1589 4076 1611 4113 ,
1669 4051 1794 4103 seu
1851 4052 1994 4103 non
2051 4032 2406 4105 intermis-

290 4170 371 4223 so
408 4150 497 4223 ad
535 4144 893 4224 Ecclesias
952 4172 1327 4241 concursu,
1362 4164 1433 4225 et
1470 4152 1554 4225 ad
1609 4164 2206 4227 sacramentorum
2243 4176 2404 4250 par-

448 4394 531 4485 (1)
574 4396 777 4487 Epist.
822 4396 963 4471 243.

1825 4512 1976 4599 20·
