3292 5275
854 482 1006 563 too

848 626 1055 695 minis
1107 628 1285 709 vim,
1342 636 1491 698 tum
1546 624 1796 699 divina
1861 621 2087 696 innixi
2141 624 2586 707 auctoritate,
2643 634 2792 695 tum
2847 643 2958 696 ca·

846 745 1101 831 ruatis,
1138 744 1541 838 patientiae,
1602 745 2028 837 precationis
2079 758 2155 819 et
2215 746 2650 817 constantiae
2704 744 2956 838 clypeo

845 866 1337 937 sustineamus.
1400 862 1585 937 Nihil
1634 875 1872 939 autem
1917 872 2148 939 metus
2197 876 2336 951 est,
2369 882 2458 939 ne
2497 865 2689 936 vires
2733 856 2956 938 Nobis

846 983 915 1055 in
951 984 1083 1058 hac
1137 986 1587 1057 dimicatione
1644 984 1990 1073 deficiant,
2031 984 2088 1057 si
2127 986 2201 1058 in
2241 983 2622 1058 Auctorem
2661 994 2730 1056 et
2765 974 2960 1057 Con·-
3021 1031 3032 1043 ,

846 1116 1267 1179 sumatorem
1320 1102 1517 1179 Fidei
1556 1119 1838 1180 nostrae
1891 1108 2127 1180 oeulos
2163 1105 2560 1201 animosque
2601 1108 2956 1180 coniicere

844 1226 1295 1299 voluerimus.
1352 1220 1423 1295 Si
1476 1227 1660 1300 euim
1735 1222 2054 1319 Apostoli
2130 1227 2350 1300 oculis
2403 1240 2478 1299 et
2531 1226 2955 1319 cogitatione

846 1346 915 1418 in
966 1342 1251 1421 Christo
1301 1343 1465 1419 lesu
1520 1341 1720 1418 defixi
1780 1344 1951 1420 satis
1987 1370 2079 1420 ex
2121 1348 2251 1421 hoc
2300 1348 2514 1419 animi
2553 1348 2956 1443 viriumque

846 1481 1275 1553 sumserunt,
1328 1479 1410 1539 ut
1466 1467 1762 1539 adversa
1815 1484 2140 1562 quaeque
2197 1480 2478 1542 strenue
2534 1466 2954 1561 perferrent,

842 1582 981 1660 Nos
1035 1585 1294 1678 pariter
1358 1588 1589 1679 ipsum
1654 1580 2122 1679 adspicientes
2175 1591 2249 1660 in
2305 1590 2592 1662 salutari
2661 1590 2956 1681 pignore

842 1702 1375 1801 Redemptionis
1428 1718 1738 1794 nostrae,
1787 1726 1869 1780 ex
1925 1706 2056 1780 hoe
2111 1720 2426 1801 aspectu,
2465 1708 2650 1782 unde
2707 1706 2956 1781 divina

842 1838 1079 1899 manat
1130 1828 1385 1911 virtu&
1441 1844 1565 1900 nos
1629 1844 1778 1899 eam
1833 1830 1978 1899 vim
2059 1828 2414 1923 roburque
2489 1828 2954 1909 inveniemus,

842 1964 983 2042 quo
1022 1944 1431 2034 calumnias,
1460 1949 1758 2021 iniurias
1795 1948 2241 2022 inimieorum
2279 1958 2468 2022 artes
2507 1964 2952 2042 superemus,

842 2090 923 2142 ao
976 2070 1273 2142 salutem
1326 2069 1557 2149 nobis,
1616 2079 1855 2163 totque
1909 2072 2128 2141 etiam
2181 2071 2453 2171 miseris
2509 2092 2550 2143 a
2601 2071 2719 2141 via
2769 2070 2960 2143 veri·

844 2190 1010 2261 tatis
1048 2190 1441 2260 errantibus
1480 2206 1573 2261 ex
1608 2184 1871 2261 Christi
1911 2184 2140 2262 Cruce
2177 2189 2466 2264 haurire
2503 2189 2950 2263 laetabimur.

841 2302 1079 2403 Neque
1104 2325 1281 2382 vero
1300 2305 1840 2404 Redemptomm
1867 2304 2192 2383 Nostrum
2221 2312 2572 2403 respicere
2603 2312 2952 2393 contenti,

842 2446 1000 2502 eam
1052 2446 1331 2523 quoque
1386 2430 1649 2501 mentis
1713 2423 2147 2503 docilitatem
2227 2430 2594 2504 induamus
2667 2446 2954 2503 necesse

842 2558 979 2633 est,
1036 2554 1119 2621 ut
1172 2544 1423 2622 Eidem
1478 2550 1782 2622 libenter
1835 2556 1988 2622 toto
2021 2548 2250 2623 cordis
2287 2550 2543 2623 affectu
2583 2550 2954 2623 audientes

841 2669 1072 2744 simus.
1131 2667 1278 2746 Hoc
1329 2683 1440 2744 est
1478 2670 1666 2744 enim
1703 2674 1889 2768 qnod
1929 2673 2078 2766 ipse
2117 2667 2332 2744 Pater
2365 2673 2686 2744 caelestis
2724 2667 2954 2746 Maie-

840 2792 1045 2864 statis
1080 2809 1249 2864 suae
1288 2795 1708 2866 auctoritate
1739 2793 2124 2886 praecepit,
2157 2807 2319 2864 enm
2347 2793 2708 2865 revelante
2745 2787 2958 2865 Chri-

842 2921 953 2984 sto
988 2906 1285 2986 Domino
1338 2913 1627 3003 gloriam
1681 2933 1884 2986 suam
1925 2914 1996 2984 in
2031 2923 2271 2984 monte
2309 2913 2662 3006 praecelso
2715 2931 2952 2987 eoram

842 3032 1092 3104 electis
1148 3033 1441 3103 testibus
1504 3057 1536 3102 «
1580 3033 1698 3104 hic
1753 3044 1884 3118 est,
1943 3027 2468 3127 inquinaFilius
2520 3053 2718 3106 meus
2773 3034 2990 3107 dile—-

842 3161 992 3223 otus
1048 3153 1123 3223 in
1176 3169 1313 3246 quo
1376 3153 1541 3223 milii
1616 3147 1790 3226 bene
1867 3154 2252 3244 compl-acui
2331 3145 2563 3245 Ipsum
2625 3153 2860 3228 audite
2907 3179 2942 3224 »

840 3267 1075 3346 lesum
1130 3273 1335 3366 igitur
1389 3286 1611 3366 prono
1649 3271 1898 3345 mentis
1937 3274 2269 3366 obsequio
2307 3270 2658 3346 audiamus
2701 3277 2951 3370 utique

839 3393 913 3464 in
968 3394 1160 3466 omni
1214 3409 1320 3476 re,
1362 3405 1434 3466 at
1488 3393 1559 3465 in
1618 3410 1701 3466 ea
1739 3395 2118 3486 praecipue
2153 3412 2367 3488 quam
2421 3383 2576 3488 lpse
2618 3397 2715 3467 ita
2753 3397 2950 3469 cordi

837 3512 1105 3600 hahuit,
1150 3525 1231 3585 ut
1270 3529 1750 3607 -waenoseens
1803 3505 2250 3588 difficultates
2303 3511 2560 3609 quihus
2615 3517 2768 3609 ipsa
2823 3516 2944 3588 ob—

840 3633 1037 3704 noxia
1112 3634 1349 3706 futura
1398 3643 1587 3705 esset
1640 3635 1717 3704 in
1775 3633 2063 3717 mundo,
2121 3634 2208 3706 de
2261 3631 2382 3706 illa
2437 3635 2590 3728 ipsa
2663 3627 2950 3707 Patrem

838 3766 1041 3824 suum
1094 3753 1461 3824 obsecrare
1510 3754 1583 3823 in
1638 3753 2024 3826 novissima
2077 3749 2314 3826 Caena
2351 3747 2592 3827 effusis
2647 3755 2953 3830 iteratis·-

838 3887 971 3966 qne
1026 3874 1212 3944 votis
1260 3887 1405 3945 non
1460 3871 1823 3960 omiserit3
1859 3869 2076 3945 Pater
2127 3864 2382 3946 Sancte
2435 3892 2641 3947 serva
2693 3894 2820 3949 eos
2873 3879 2949 3950 in

838 3991 1113 4064 nomine
1172 4003 1297 4066 tuo
1344 4009 1527 4086 quos
1580 3991 1830 4066 dedisti
1883 3995 2091 4081 mihi,
2147 4007 2229 4068 nt
2287 3985 2431 4067 sint
2483 4011 2700 4070 tinum
2765 3992 2950 4072 sicut

838 4123 910 4187 et
963 4106 1103 4186 Nos
1159 4103 1296 4210 (1).
1356 4109 1507 4186 Una
1582 4113 1820 4209 itaque
1897 4112 2126 4188 anima
2185 4137 2342 4190 cum
2409 4139 2547 4191 uno
2611 4119 2822 4192 corde
2875 4119 2948 4192 in

996 4371 1079 4460 (1)
1122 4367 1297 4440 Ioan.
1343 4367 1441 4441 1⁸1.
1486 4369 1585 4442 11.
