3292 5275
812 455 965 540 108

806 593 995 671 mod-i
1032 597 1351 671 doctrina
1391 615 1534 669 non
1574 596 1782 669 modo
1825 605 1989 688 post
2031 595 2322 697 editam·
2349 595 2438 666 ab
2475 588 2956 666 Oecumenico

805 713 1111 793 Concilio
1162 713 1507 790 Vaticano
1564 713 2054 788 definitionem
2121 727 2194 787 et
2250 713 2798 788 declarationem
2853 715 2954 787 de

807 840 881 912 vi
938 855 1011 913 et
1064 839 1339 912 ratione
1397 835 1738 931 pontificii
1797 837 2144 928 primatus
2197 837 2550 910 haeretica
2605 847 2750 923 est,
2807 855 2958 908 ve·-

806 981 962 1034 rum
1020 981 1172 1033 eam
1230 962 1336 1032 uti
1392 961 1604 1032 talem
1649 981 1928 1052 semper
1982 957 2230 1029 habuit
2286 979 2369 1030 ac
2425 957 2774 1029 detestata
2831 967 2954 1028 est

807 1081 1151 1154 catholica
1206 1073 1543 1153 Ecclesia.
1623 1073 1808 1151 Hinc
1862 1073 2313 1152 Oecumenici
2371 1075 2666 1154 Concilii
2725 1073 2952 1147 Chal·-

805 1201 1215 1274 cedonensis
1250 1195 1576 1293 Episcopi
1634 1193 2030 1293 supremam
2069 1195 2518 1291 Apostolicae
2557 1193 2760 1268 Sedis
2801 1219 2947 1270 au·-

806 1323 1207 1394 ctoritatem
1261 1321 1331 1392 in
1386 1317 1557 1393 actis
1614 1319 1764 1392 suis
1827 1317 2190 1414 perspicue
2247 1319 2572 1413 professi,
2613 1318 2952 1390 decreto-

810 1463 967 1514 rum
1023 1463 1337 1527 suorum,
1376 1443 1591 1514 etiam
1660 1442 2097 1533 disciplinam
2154 1441 2711 1534 respicientium,
2771 1460 2954 1513 con-

720 1579 725 1584 ·
811 1561 1275 1636 firmationem
1332 1575 1403 1635 et
1459 1561 1860 1636 firmitatem
1917 1585 1957 1634 a
2012 1558 2086 1634 S.
2147 1558 2385 1634 Leone
2441 1562 2950 1655 praedecesso-

812 1703 891 1756 re
946 1679 1201 1757 Nostro
1254 1683 1619 1757 humiliter
1673 1683 2100 1778 flagitabant.

919 1793 1045 1876 14.
1103 1800 1201 1875 Et
1251 1825 1499 1877 revera
1546 1827 1581 1878 κ
1622 1799 1710 1874 Β.
1763 1799 1952 1877 Petri
2019 1813 2389 1877 successor
2429 1793 2564 1900 (1),
2602 1801 2734 1874 hoc
2788 1799 2952 1894 ipso

807 1925 989 2018 quod
1046 1925 1121 1995 in
1175 1919 1371 1997 Petri
1424 1924 1657 1999 locum
1714 1911 2073 2010 succedit,
2133 1924 2566 2016 assignatum
2619 1923 2756 1996 sibi
2811 1923 2954 1996 ha-

808 2046 931 2118 bet
983 2045 1133 2117 iure
1172 2047 1415 2119 divino
1456 2067 1737 2138 gregem
1785 2031 2048 2119 Christi
2102 2047 2541 2131 universum,
2596 2055 2680 2118 ut
2733 2045 2953 2119 simul

812 2187 973 2238 cum
1026 2161 1456 2260 Episcopatu
1514 2176 1945 2261 potestatem
2001 2166 2298 2258 accipiat
2347 2167 2778 2239 universalis
2835 2189 2954 2240 re-

814 2279 1157 2381 giminis3
1210 2288 1468 2362 ceteris
1526 2308 1736 2381 porro
1791 2284 2159 2383 Episcopis
2239 2307 2437 2359 suam
2503 2290 2758 2383 cuique
2815 2309 2952 2380 pe-

816 2410 1153 2481 culiarem
1210 2411 1438 2504 gregis
1493 2412 1887 2502 portionem
1943 2431 2082 2482 non
2136 2409 2384 2481 divino
2439 2407 2561 2481 sed
2615 2409 2954 2480 ecclesia-

818 2527 992 2602 stico
1050 2531 1232 2617 iure,
1297 2551 1435 2604 non
1490 2529 1744 2605 Christi
1799 2551 1920 2604 ore
1975 2531 2126 2602 sed·
2154 2529 2595 2630 hierarchica
2651 2527 2954 2602 ordina-

816 2652 1013 2726 tione
1066 2656 1403 2747 assignari
1458 2674 1637 2746 opus
1696 2664 1800 2725 est
1833 2704 1854 2739 ,
1935 2660 2013 2725 ut
2065 2633 2528 2724 'ordinariam
2585 2650 2952 2744 regiminis

813 2784 1239 2869 potestatem
1292 2772 1637 2867 explicare
1693 2777 1770 2846 in
1831 2793 1992 2847 eam
2047 2775 2354 2847 valeant.
2423 2796 2457 2841 α
2493 2769 2716 2846 Cuius
2771 2772 2956 2845 assi-
3091 2816 3098 2821 -

810 2892 1171 2986 guntionis
1208 2911 1473 2965 summa
1511 2892 1896 2964 auctoritas
1949 2891 2004 2961 si
2043 2886 2126 2961 B.
2169 2886 2383 2962 Petro
2439 2891 2754 2962 eiusdem
2792 2910 2958 2961 suc-

816 3013 1213 3085 cessoribus
1272 3012 1823 3099 abiudicaretur,
1871 3010 2016 3103 ipsa
2071 3019 2397 3083 nutarent
2431 3008 2773 3083 maiorum
2829 3012 2954 3082 im·

777 3115 781 3119 ⁵
818 3130 1061 3226 primis
1098 3128 1569 3208 Ecclesiamm
1625 3133 2102 3212 fundamenta,
2160 3151 2536 3224 earumque
2575 3114 2956 3223 praeroga-

810 3254 1061 3339 tivae3
1126 3273 1161 3323 «
1208 3249 1267 3324 si
1322 3253 1488 3347 quid
1544 3253 1728 3325 enim
1779 3248 2108 3326 Christus
2137 3244 2244 3351 (2)
2272 3272 2430 3325 cum
2485 3246 2698 3324 Petro
2751 3272 2955 3325 com-

824 3396 861 3442 »
923 3392 1139 3445 mune
1201 3372 1447 3447 ceteris
1512 3375 1748 3451 voluit
1809 3394 1964 3446 esse
2032 3372 2464 3466 principibus
2493 3413 2520 3458 ·,
2575 3394 2954 3467 numquam

822 3512 861 3567 >³
924 3493 1062 3565 nisi
1120 3514 1244 3586 per
1275 3494 1511 3587 ipsum
1540 3494 1742 3568 dedit
1777 3494 2120 3589 quidquid
2158 3480 2316 3567 aliis
2363 3512 2506 3566 non
2560 3496 2866 3585 negavit.
2903 3518 2942 3563 n

826 3638 862 3684 n
925 3609 1019 3686 Et
1060 3634 1135 3686 re
1172 3616 1455 3709 quidem
1491 3634 1666 3689 vera
1705 3614 1852 3708 ipse
1893 3604 2425 3713 (3)·'decoravit
2479 3616 2712 3687 sedem
2755 3610 2952 3712 (Ale-

822 3762 863 3809 a
924 3732 1373 3837 xandrinam)
1405 3784 1426 3821 ‚
1486 3737 1561 3809 in
1630 3756 1848 3831 quam
1903 3734 2433 3828 Evangelistam
2513 3736 2952 3832 discipulum

818 4011 827 4018 ·
980 3982 1061 4068 (1)
1102 3982 1417 4049 Pius-vl.
1460 3986 1526 4049 iu
1568 3984 1762 4053 Brev-
1812 3984 2024 4069 saper
2058 3984 2388 4051 soliditate.
2425 3962 2544 4053 28.
2587 3982 2944 4053 Novembr.

828 4077 1064 4256 17822)
1106 4118 1173 4239 S.
1214 4171 1349 4237 Leo
1388 4192 1583 4237 serm.
1624 4170 1688 4239 3.
1731 4177 1800 4239 in
1841 4176 2058 4240 anniv.
2103 4192 2386 4259 assump.
2431 4190 2611 4244 suae.
2651 4208 2654 4216 ·
2709 4177 2718 4208 ·’
2783 4201 2788 4212 =

826 4265 1179 4432 18ῃὲῗίηὸ
1224 4266 1585 4357 Gregorius
1608 4268 1706 4335 Μ.
1729 4270 1849 4335 lib.
1870 4268 1936 4337 7.
1958 4264 2196 4417 ep..40.
2235 4270 2320 4343 ad
2361 4267 2599 4352 Eulog.
2645 4266 2770 4352 Ep.
2794 4266 2952 4333 Ale-
