3292 5275
865 474 1027 565 “a
1214 607 1764 705 LITTERAE
1836 604 2611 713 APOSTouCAE

1065 922 1297 984 ovim
1352 920 1772 975 ntentans-vx
1837 914 2049 973 cassio
2105 922 2282 974 mis
2340 915 2766 971 ωιτηουτ-νς
2891 906 2952 931 “’

1126 1054 1305 1108 ovcts
1358 1056 1595 1109 sroazx
1651 1056 1936 1111 castam
1993 1051 2349 1107 clapsum
2404 1049 2698 1105 stxruus

1506 1190 1571 1243 ιι(
1629 1192 1909 1242 assium
1968 1189 2322 1247 crassum.

1550 1831 1806 1931 1>le
1866 1833 2036 1928 ΡΡ.
2103 1834 2257 1929 ΙΧ.

1387 2256 1467 2307 ΔΙ)
1522 2256 1888 2308 ΡΕΒΡΕΊὟΔΙ
1947 2256 2050 2307 RE!
2107 2256 2431 2308 UEHORM!

848 2831 1113 3036 Quae
1150 2917 1349 2993 brevi
1385 2939 1733 2993 annorum
1769 2941 1986 2994 cursu
2021 2921 2140 2992 fel.
2181 2939 2328 2992 rec.
2371 2913 2610 2992 Sixtus
2649 2913 2709 2990 V
2747 2915 2966 2992 Prae-

848 3041 1171 3114 decessor
1195 3034 1445 3112 Noster
1474 3039 1716 3132 gessit,
1747 3062 1901 3114 cum
1938 3061 2262 3134 supremo
2289 3035 2650 3112 Ecclesiae
2679 3040 2968 3112 univer-

847 3181 967 3233 sae
1000 3161 1318 3253 regimini
1348 3173 1731 3252 praeesset,
1769 3171 1964 3232 tanta
2003 3173 2198 3245 sunt,
2229 3171 2312 3234 ut
2335 3179 2776 3255 quocumque
2805 3181 2970 3232 ocu-

844 3277 949 3352 los
989 3291 1473 3354 convertamus
1512 3279 1812 3354 illustria
1849 3292 1924 3354 et
1961 3301 2332 3375 nunquam
2371 3280 2676 3373 peritura
2713 3301 2970 3353 monu-

845 3411 1081 3473 menta
1133 3399 1457 3474 eximiam
1498 3402 1859 3496 pietatem,
1891 3413 2302 3495 vastamque
2359 3400 2550 3474 illius
2595 3395 2966 3474 Pontificis

842 3531 1145 3594 mentem
1202 3523 1537 3594 testantia
1590 3523 1844 3616 cuique
1882 3532 2284 3595 occurrant.
2341 3515 2454 3592 Ex
2491 3521 2576 3593 iis
2631 3519 2966 3614 peculiari

846 3642 1204 3714 mentione
1238 3641 1448 3732 digna
1486 3642 1768 3714 omnino
1804 3652 1914 3714 est
1949 3637 2318 3735 Cappella,
2363 3661 2580 3736 quam
2617 3640 2706 3711 ad
2745 3635 2971 3713 Prae-

842 3779 1009 3852 sepe
1064 3755 1219 3832 lesu
1272 3757 1538 3834 Christi
1588 3762 1660 3830 in
1720 3761 2175 3834 celeberrima
2215 3755 2460 3832 Almae
2514 3759 2720 3832 huius
2761 3753 2970 3832 Urbis

842 3872 1171 3964 Basilica,
1196 3901 1381 3973 quae
1408 3875 1710 3953 Sanctae
1741 3873 2010 3953 Mariae
2039 3875 2326 3952 Maioris
2355 3880 2776 3972 appellatur,
2805 3899 2966 3952 cum

842 3999 1073 4073 adhuc
1100 3995 1399 4072 Sanctae
1430 3995 1791 4072 Romanae
1821 3995 2180 4072 Ecclesiae
2211 3994 2708 4071 cardinalatus
2744 3999 2970 4073 hono-

842 4139 919 4191 re
974 4116 1407 4210 l'ungeretur,
1447 4141 1487 4192 a
1526 4119 2006 4193 fundamentis
2062 4117 2428 4192 aedificare
2483 4117 2738 4212 coepit,
2777 4139 2970 4192 eam-

842 4237 1139 4333 demque
1183 4234 1513 4314 Pontifex
1552 4234 1906 4315 Maximus
1943 4241 2196 4324 factus,
2238 4241 2324 4312 ad
2363 4237 2569 4312 finem
2607 4237 2752 4314 suis
2779 4261 2972 4316 sum·

840 4359 1083 4460 ptibus
1146 4359 1499 4456 perduxit.
1555 4355 1664 4436 Ea
1719 4359 2004 4458 quidem
2059 4359 2268 4458 spatii
2334 4357 2838 4454 magnitudine,
2893 4375 2972 4438 et
