3292 5275
490 629 689 723 Quae
745 653 904 706 cum
955 637 1052 706 ita
1105 635 1274 719 sint,
1334 635 1540 706 facile
1607 633 2037 725 intelligetis,
2092 629 2403 708 Venera-

278 754 454 826 biles
491 751 800 838 Fratres,
832 767 1094 847 quanto
1149 757 1374 826 animi
1431 756 1675 827 dolore
1750 751 1890 827 Nos
1948 757 2125 828 affici
2183 777 2405 849 opor-

281 873 492 944 tuerit
543 875 844 968 legentes
899 874 970 944 in
1023 877 1318 968 epistola
1358 895 1582 967 nuper
1620 876 1703 945 ad
1742 871 1885 946 Nos
1925 876 2087 948 data
2124 877 2210 946 ab
2250 876 2413 966 ipsu

281 989 694 1070 Germanico
723 991 1144 1086 imperatore
1181 995 1759 1066 criminationem
1788 997 1933 1067 no'n
1964 997 2195 1066 minus
2218 1007 2413 1066 atro-

285 1133 442 1186 aem
473 1135 683 1208 quam-
739 1117 1158 1208 insperatam
1215 1116 1569 1190 adversus
1621 1130 1923 1208 partem,
1964 1129 2045 1189 ut
2080 1115 2227 1207 ipse
2272 1117 2413 1200 nitu

283 1235 776 1310 catholicorum
832 1237 972 1308 sihi
1041 1237 1504 1322 subditorum,
1564 1239 1973 1328 praesertim
2036 1255 2209 1308 vero
2282 1238 2411 1310 ad·-

285 1377 533 1430 versus
587 1359 1008 1430 catholicum
1067 1352 1486 1436 Germaniae
1535 1353 1811 1430 Clerum
1865 1367 1939 1428 et
1992 1353 2415 1450 Episcopos«

286 1471 504 1548 Cuius
553 1478 1066 1551 criminationis
1122 1499 1204 1549 ea
1257 1499 1472 1549 causa
1526 1487 1634 1548 eet
1689 1478 1876 1569 quod
1934 1479 2007 1548 hi
2062 1497 2193 1549 nec
2248 1478 2413 1548 vin-

287 1600 444 1670 cula
499 1609 571 1670 et
630 1599 1115 1672 tribulationes
1173 1609 1506 1672 verentes
1545 1621 1671 1670 nec
1709 1599 2043 1672 iacientes
2100 1599 2413 1682 animam

289 1738 494 1791 suam
574 1719 1058 1810 pretiosiorem
1093 1745 1100 1752 ·
1141 1741 1352 1812 qnam
1413 1739 1490 1792 se
1553 1709 1703 1817 (1),
1762 1738 2007 1810 parere
2082 1729 2414 1790 recusent

291 1839 846 1911 commemoratis
901 1843 1202 1934 legibus,
1237 1841 1482 1912 eadem
1535 1840 1961 1924 constantia,
1990 1858 2128 1931 qua
2185 1835 2419 1930 prius·-

290 1979 496 2050 quam
555 1958 710 2032 illae
768 1960 1206 2041 iuberentur,
1243 1959 1612 2052 protestati
1650 1961 1928 2031 fuerant
1974 1959 2419 2031 denuncian-

296 2091 398 2150 tes
435 2096 682 2152 earum
720 2081 920 2164 vitia,
949 2079 1630 2172 expostulationibus
1670 2079 2013 2169 explicata
2052 2079 2415 2172 gravibus,

293 2199 694 2283 luculentis,
731 2199 1196 2287 solidissimi&
1234 2221 1404 2294 quas
1465 2209 1616 2272 toto
1674 2198 2051 2290 plaudente
2088 2199 2257 2273 orbe
2294 2219 2421 2272 ca·-

295 2318 554 2392 tbolico
607 2331 682 2392 et
717 2340 866 2394 non.
901 2323 1146 2412 paucis
1183 2323 1402 2394 etiam
1437 2340 1530 2391 ex
1564 2317 2037 2408 heterodoxis,
2073 2313 2419 2412 Principi,

291 2433 744 2510 Administris
795 2441 972 2526 eius,
1005 2452 1218 2534 atque
1258 2441 1424 2532 ipsiu
1465 2439 1805 2532 supremis
1840 2434 2063 2529 Regni
2094 2436 2423 2515 Comitiio

295 2558 786 2633 exhibuerant.
845 2555 956 2632 Ob
1010 2581 1166 2634 eam
1251 2583 1394 2634 rem
1457 2580 1651 2634 nunc
1717 2560 1848 2654 ipei
1925 2558 2421 2654 perduellionie

295 2680 591 2754 crimine
647 2682 1162 2771 insimulantur,
1197 2684 1398 2777 quasi
1451 2683 1528 2754 in
1573 2693 1799 2753 'unum
1854 2684 2309 2755 consentiant
2342 2692 2419 2755 et

299 2802 704 2893 conspirent
759 2824 916 2877 cum
971 2806 1060 2877 iis
1115 2805 1238 2899 qui
1313 2824 1558 2876 omnes
1634 2803 1979 2877 humanae
2052 2801 2420 2875 societatis

303 2921 584 2995 ordines
642 2925 1050 3015 perturbare
1105 2927 1458 3011 nituntur,
1514 2922 1937 3017 posthabitis
2012 2922 2425 3007 innumeris,

301 3042 814 3136 praeclarisque
869 3046 1324 3135 argumentiS,
1377 3066 1561 3138 quae
1621 3046 2113 3117 inconcussam
2172 3062 2423 3118 eornm

301 3162 510 3235 fidem
563 3176 638 3235 et
689 3166 1198 3239 observantiam
1254 3164 1326 3238 in
1365 3162 1793 3257 Principem,
1822 3164 2275 3257 studiumque
2312 3160 2427 3234 in-

303 3304 626 3357 censum=
649 3307 814 3377 erga
867 3286 1170 3379 patriam
1227 3286 1600 3360 evidenter
1656 3296 2022 3359 testantur.
2078 3282 2227 3357 {mo
2278 3278 2427 3357 Noe

266 3404 444 3509 ⁴ipsi
500 3425 857 3499 rogamur,
917 3420 1000 3481 ut
1051 3408 1430 3481 catholicos
1485 3407 1636 3481 illas
1688 3418 1762 3479 et
1816 3427 2055 3479 sacros
2105 3400 2425 3479 Pastoree

159 3566 170 3573 —
301 3527 750 3602 adhortemur
805 3530 892 3603 ad
935 3550 1190 3607 ‚earum
1249 3532 1476 3623 legum
1525 3528 2077 3615 observantiam,
2114 3526 2423 3621 quodieo

305 3650 495 3721 valet
549 3660 628 3723 ut
681 3628 1018 3723 Nostram
1073 3648 1212 3745 lpsi
1272 3672 1560 3744 operam
1623 3650 1813 3743 gregi
1864 3645 2116 3721 Christi
2162 3646 2427 3743 -eppri-

303 3770 558 3844 mendo
611 3782 686 3845 et
741 3772 1200 3868 dispergendo
1256 3774 1725 3845 conteramus.
1760 3766 2021 3843 Verum
2074 3764 2219 3841 neo
2266 3768 2427 3845 freti

307 3886 751 3977 confidimus,
793 3894 1322 3965 serenissimum
1357 3888 1889 3985 Imperatorem,
1920 3891 2131 3964 rebus
2158 3890 2433 3969 melius

225 4078 238 4087 .
303 4012 676 4103 compertis
727 4034 812 4088 ac
865 4015 1252 4106 perpensis,
1289 4016 1715 4089 reiecturum
1751 4012 2224 4105 suspicionem
2282 4023 2425 4085 tam

169 4187 202 4197 -
307 4130 578 4234 inanem
633 4147 851 4230 atque
907 4135 1390 4211 incredibilem
1425 4159 1592 4229 erga
1629 4136 1945 4209 subditos
1984 4134 2433 4211 fidelissimos

469 4394 555 4483 (1)
593 4400 740 4469 Act.
779 4396 884 4491 2⁰,
904 4402 1006 4481 24.
1101 4329 1108 4337 ·
