3292 5275
890 462 1049 545 3148

888 619 969 693 ut
1024 626 1265 678 eorum
1320 624 1565 695 preces
1620 604 1916 698 benigne
1973 628 2013 677 a
2069 601 2220 679 Deo
2277 608 2801 699 exciperentur.
2861 604 3018 681 Hoc

888 746 1118 807 autem
1176 727 1277 801 uti
1332 728 1533 809 aliae,
1574 726 1676 795 sic
1735 728 2148 817 praesertim
2204 727 2562 800 occasione
2621 724 3020 803 Sacrosan-

884 856 983 929 cti
1036 847 1489 927 Oecumenici
1543 840 1861 919 Vaticani
1915 843 2214 921 Concilii
2273 849 2780 940 praestandum
2839 872 3018 922 cen-

888 976 1185 1056 suimuS‚
1244 980 1327 1043 ut
1382 966 1872 1061 gravissimum
1927 989 2098 1064 opus
2157 970 2244 1040 ad
2300 965 2658 1043 Ecclesiae
2715 972 3020 1043 univer-

886 1117 1007 1183 sae
1062 1093 1441 1167 utilitatem
1518 1088 1946 1173 institutum,
2007 1091 2223 1161 totius
2305 1092 2566 1184 pariter
2645 1088 3018 1166 Ecclesiae

880 1217 1207 1312 precibus
1264 1212 1449 1303 apud
1508 1208 1730 1283 Deum
1789 1212 2272 1296 adiuvarentur,
2314 1236 2400 1285 ac
2455 1236 2794 1306 suspensa
2849 1215 3016 1287 licet

880 1340 972 1413 oh
1028 1350 1417 1429 temporum
1474 1333 1910 1405 calamitates
1965 1330 2279 1406 eiusdem
2333 1329 2636 1405 Concilii
2693 1336 3016 1409 celebra-

880 1462 1096 1545 tione,
1154 1454 1664 1549 lndulgentiam
1721 1464 1958 1524 tamen
2013 1451 2086 1525 in
2141 1452 2362 1526 forma
2419 1450 2706 1526 lubilaei
2757 1478 3018 1531 conse-

876 1582 1221 1677 quendam
1274 1598 1361 1650 ea
1418 1575 1788 1647 occasione
1848 1570 2382 1667 promulgatam,
2439 1576 2512 1647 in
2569 1598 2700 1648 sua
2753 1579 2856 1664 vi,
2893 1578 3018 1651 fir·

876 1706 1147 1787 mitate,
1186 1712 1259 1772 et
1312 1697 1553 1788 vigore
1610 1714 1924 1778 manere,
1981 1696 2084 1769 uti
2141 1709 2376 1767 manet
2433 1697 2684 1784 adhuc,
2723 1700 2816 1770 ad
2873 1722 3014 1792 po-

874 1826 1025 1919 puli
1084 1820 1303 1917 fidelis
1342 1818 1599 1889 bonum
1638 1816 1998 1887 ediximus
2033 1827 2106 1888 et
2143 1817 2680 1891 declaravimus.
2743 1814 3014 1893 verum

874 1944 1299 2040 procedente
1356 1939 1776 2009 miserorum
1844 1949 2238 2028 temporum
2293 1958 2530 2020 cursu,
2589 1938 2795 2010 adest
2869 1940 3010 2013 iam

874 2086 1099 2138 annus
1154 2056 1712 2155 septuagesimus
1769 2052 2048 2149 quintus
2103 2079 2312 2149 supra
2371 2057 2822 2134 millesimum
2877 2084 3012 2134 oc-

871 2182 1479 2279 tingentesimum,
1524 2200 1742 2251 annus
1799 2198 2050 2271 nempe
2107 2180 2230 2271 qui
2287 2200 2560 2251 sacrum
2601 2180 2770 2253 illud
2833 2196 3014 2255 tem-

869 2294 1081 2402 poris*
1120 2296 1425 2399 spatium
1482 2300 1738 2391 signat,
1787 2298 1972 2391 quod
2031 2311 2267 2370 sancta
2323 2302 2664 2373 maiorum
2723 2318 3012 2378 nostro-

869 2448 1025 2501 rum
1084 2422 1543 2504 consuetudo,
1602 2432 1676 2491 et
1734 2414 2214 2492 Romanorum
2297 2414 2718 2494 Pontificum
2775 2420 3010 2497 Prae-

866 2548 1311 2619 decessorum
1368 2536 1781 2615 Nostrorum
1837 2539 2165 2613 instituta
2221 2539 2634 2613 universalis
2695 2539 3002 2619 lubilaei

868 2668 1296 2742 solemnitati
1352 2663 1812 2739 celebrandae
1867 2675 2390 2736 consecrarunt.
2451 2658 2732 2752 Quanta
2800 2663 3008 2740 lubi-

862 2789 1004 2861 laei
1060 2811 1279 2862 annus
1293 2838 1319 2876 ‚
1370 2787 1494 2860 ubi
1554 2783 1929 2878 tranquilla
1987 2780 2342 2858 Ecclesiae
2425 2794 2733 2877 tempora
2803 2787 3004 2860 illum

863 2909 993 2982 rite
1032 2909 1371 2982 celebrari
1430 2918 1853 2990 annuerunt,
1895 2907 2356 2978 veneratione
2401 2919 2474 2977 ct
2517 2907 2868 2999 religione
2905 2913 3004 2981 sit

863 3029 1093 3104 cultus
1170 3043 1417 3104 vetera
1475 3047 1559 3099 ac
1636 3028 2026 3100 recentiora
2111 3027 2448 3098 historiae
2537 3041 2998 3102 monumenta

860 3159 1267 3238 testantur-3
1320 3139 1599 3222 habitus
1655 3141 1841 3220 cn‘im
1901 3147 2177 3238 seinpe‘r
2233 3145 2366 3217 fuit
2422 3148 2526 3221 uti
2585 3168 2820 3220 annus
2875 3172 3001 3224 sa·-

857 3272 1111 3346 lutaris
1168 3271 1589 3362 expiationis
1630 3269 1846 3342 totius
1901 3267 2264 3338 christiani
2303 3265 2569 3360 populi,
2609 3269 2718 3342 uti
2754 3293 2998 3346 annus

858 3375 1375 3485 redemptionis·
1412 3401 1485 3463 et
1542 3392 1829 3482 gratiae,
1886 3387 2318 3459 remissionis
2353 3401 2426 3460 et
2481 3389 2996 3481 indulgentiae,

856 3535 1001 3606 quo
1040 3497 1127 3584 ad'
1164 3514 1343 3584 hanc
1384 3509 1664 3582 Almam
1705 3506 1966 3581 Urbem
2019 3503 2340 3582 Nostram
2375 3520 2450 3580 et
2483 3503 2680 3582 Petri
2733 3509 2998 3586 Sedem

856 3655 945 3706 ex
1004 3617 1155 3706 toto
1230 3635 1399 3705 orbe
1488 3628 2054 3714 concurrebatur,
2109 3641 2184 3700 et
2238 3628 2564 3704 >fidelibus
2643 3632 2996 3710 universis

856 3755 943 3827 ad
1004 3757 1287 3849 pictatis
1343 3754 1565 3826 officia
1644 3746 1978 3825 excitatis
2032 3749 2580 3825 cumulatissima
2661 3775 2994 3851 quaeque

834 3857 1449 3950 reconciliationis
1502 3889 1571 3945 ct
1657 3875 1924 3966 gratiae
2007 3873 2354 3966 praesidia
2439 3875 2514 3944 in
2589 3878 2994 3952 animarum

851 3997 1148 4072 salutem
1229 3998 1734 4071 offerebantur.
1795 3989 2022 4083 Quam
2071 3993 2260 4086 piam
2339 4009 2794 4092 sanctamque
2873 4025 2998 4076 so-

832 4107 1292 4192 “lemnitatem
1348 4121 1480 4192 hoc
1517 4119 1744 4211 ipsum
1787 4128 2104 4188 nostrum
2155 4117 2514 4190 saeculum
2567 4119 2784 4206 vidit,
2821 4144 2992 4194 cum

848 4227 1103 4334 nempe
1160 4236 1395 4313 Leone
1452 4235 1583 4309 ΧΠ
1640 4241 1762 4310 fel.
1805 4237 2071 4309 record.
2119 4232 2666 4310 Praedecessore
2723 4234 2988 4316 Nostro

844 4347 1254 4435 lubilaeilm‘
1332 4376 1515 4436 anno
1594 4351 1804 4434 1825
1887 4363 2277 4444 indicente,
2345 4373 2540 4434 tanto
2612 4365 2982 4436 christiani
