3292 5275
659 617 1206 715 LITTERAE
1271 617 2049 721 APOSTOLIGAE
2246 492 2419 683 159²·

993 1340 1189 1441 PIV
1189 1343 1258 1438 S
1297 1343 1488 1439 -PP.
1561 1345 1718 1441 lx.

846 1736 929 1788 An
981 1738 1282 1793 FVTVRA!
1337 1740 1442 1791 REI
1499 1740 1855 1793 nioman.

290 2109 763 2294 Expositum
819 2196 1033 2273 Nobis
1101 2211 1211 2275 est
1275 2202 1550 2273 nomine
1627 2200 1867 2275 dilecti
1945 2202 2070 2275 lilii
2136 2199 2421 2278 Ioannis

287 2315 642 2413 Baptistae
671 2316 973 2393 Etienne
1009 2316 1286 2393 Summi
1309 2316 1628 2415 Magistri
1654 2318 2231 2417 Congregationis
2260 2319 2427 2397 Mis-

286 2444 504 2515 sionis
559 2462 767 2535 saepe
821 2443 1278 2532 contingere,
1337 2453 1418 2515 ut
1472 2444 1548 2513 in
1603 2442 1953 2515 nonnullis
2006 2443 2411 2537 regionibus

287 2558 838 2637 Seminariorum
901 2584 1078 2658 ⁴cura
1145 2574 1218 2636 et
1279 2563 1592 2654 regimen
1647 2558 2024 2639 Sodalibus
2098 2564 2423 2660 eiusdem

282 2677 860 2778 Congregationis
918 2705 1086 2756 suae
1141 2683 1662 2771 demandetur3
1698 2684 1861 2755 binc
1901 2685 1992 2756 ad
2034 2686 2425 2758 incommo-

284 2804 371 2876 da
409 2802 485 2873 in
522 2802 770 2877 iisdem
809 2803 1130 2894 regendis
1167 2804 1507 2877 evitanda
1538 2803 2011 2897 supplicatum
2040 2815 2152 2878 est
2172 2800 2421 2892 Nobis,

282 2932 367 2995 ut
420 2925 708 2996 veniam
759 2924 846 2996 de
903 2925 1333 3011 auctoritate,
1371 2918 1624 2997 Nostra
1680 2924 2029 3017 impertiri
2086 2922 2418 3009 velimus,

285 3033 488 3116 cuius
543 3044 612 3116 vi
665 3043 1064 3136 supradicta
1121 3039 1501 3116 Missionis
1552 3039 2045 3144 Congregatio1
2082 3064 2429 3119 memora·-

283 3173 435 3236 tum
489 3185 748 3237 munus
804 3165 1205 3242 moderandi
1270 3185 1522 3257 nempe
1603 3165 1967 3258 praedicta
2024 3159 2419 3241 seminaria

283 3285 376 3358 ah
431 3279 824 3356 Ordinariis
881 3287 1240 3378 suscipere
1277 3333 1299 3368 ‚
1357 3287 1526 3378 quin
1584 3305 1913 3388 recursus
1982 3287 2053 3356 in
2120 3285 2433 3380 singulis.

284 3405 566 3477 casibus
623 3405 712 3477 ad
749 3400 1080 3482 Sanctam
1120 3401 1370 3478 Sedem
1423 3405 1791 3488 habeatur,
1832 3403 1937 3478 uti
1994 3407 2069 3477 in
2106 3400 2416 3496 Aposto-

282 3525 440 3598 licis
495 3524 974 3599 sanctionibus
1027 3537 1314 3598 cautum
1369 3539 1505 3612 est,
1537 3525 1839 3620 itemque
1894 3525 2145 3628 eadem
2185 3521 2411 3598 Semi-

287 3647 484 3719 naria
537 3647 860 3718 eiusdem
888 3641 1461 3740 Congregationis
1516 3645 1839 3738 regimini
1896 3645 2305 3744 concredita
2340 3646 2413 3719 in

287 3765 774 3858 spiritualibus
830 3789 912 3840 ac
977 3768 1480 3858 temporalibus
1513 3813 1534 3850 ,
1593 3769 1747 3838 sine
1812 3777 2219 3841 curatorum
2290 3788 2417 3842 seu

287 3888 776 3992 deputatorum
825 3879 1182 3989 (quorum
1219 3899 1406 3962 esset
1430 3889 1638 3960 -iuxta
1675 3882 2075 3961 Concilium
2111 3883 2414 3961 Triden-

287 4008 516 4082 tinum
569 4003 762 4080 Sess.
823 4003 1076 4079 XXIII.
1137 4029 1288 4101 cap.
1347 4002 1596 4080 XVIII.
1646 4009 1734 4080 de
1772 4003 2085 4081 Reform.
2126 4029 2413 4082 eorum-

285 4128 445 4200 dem
497 4123 1054 4200 Seminariorum
1110 4127 1536 4220 disciplinae,
1597 4131 2083 4234 bonorumque
2138 4129 2432 4227 advigi«
2474 4115 2479 4122 ’

285 4249 432 4320 lare
472 4245 996 4350 procurationi)
1053 4248 1548 4322 administrare
1604 4251 1853 4343 possit.
1895 4247 2037 4322 Nos
2088 4247 2300 4343 igitur
2344 4272 2420 4324 re

283 4384 558 4447 mature
633 4395 980 4468 perpensa
1011 4421 1033 4461 ‚
1091 4374 1178 4447 de
1253 4375 1552 4448 consilio
1615 4377 1833 4450 etiam
1888 4370 2430 4452 Venerabilium
