3292 5275
865 460 1028 556 312

867 604 1188 674 rabilium
1229 599 1572 682 Fratrum.
1607 597 2023 687 Nostrorum
2078 599 2662 692 congregauonis
2716 597 2999 696 Propa-

864 725 1122 817 gandae
1165 721 1357 794 Fidei
1398 723 1691 794 consilio
1722 724 1794 792 in
1825 726 2185 796 territorio
2228 719 2583 796 Ecclesiae
2625 719 3001 796 Melbour-

867 847 1106 917 nensis
1147 847 1219 916 in
1251 841 1706 916 Australiana
1746 840 2099 916 Victoriae
2138 842 2435 916 Colonia
2474 845 2644 916 duas
2701 843 2997 917 dioece-

869 987 980 1038 ses
1005 985 1214 1037 novas
1255 961 1659 1055 Apostolica
1692 965 2107 1038 auctoritate
2138 960 2391 1036 Nostra
2428 965 2673 1037 harum
2713 966 3001 1038 littera-

867 1107 1022 1158 rum
1062 1087 1166 1169 vi,
1201 1087 1492 1156 alteram
1535 1083 1805 1158 scilicet
1835 1083 1914 1166 ,in
1954 1084 2248 1166 civitate
2278 1081 2861 1168 Sandhurstensi‚
2896 1087 3003 1158 al·-

869 1219 1094 1280 teram
1127 1228 1293 1278 vero
1325 1207 1399 1276 in
1429 1201 1887 1278 Ballaratensi
1930 1208 2213 1278 civitate
2244 1207 2578 1297 erigimus
2618 1219 2691 1278 et
2722 1209 3002 1278 consti-

871 1329 1152 1400 tuimus.
1183 1325 1729 1398 Sandhurstensi
1788 1339 2024 1402 autem
2079 1328 2381 1400 dioecesi
2442 1328 2541 1398 sie
2578 1340 2867 1400 erectae
2906 1329 2999 1399 li-

871 1451 1082 1521 mites
1115 1449 1556 1540 assignamus
1585 1448 1667 1518 -in
1706 1461 1905 1542 parte
1954 1448 2481 1541 septentrionali
2516 1449 2739 1520 dietae
2781 1445 3001 1521 Colo-

871 1570 1032 1642 niae
1055 1571 1308 1642 lineam
1329 1569 1835 1641 occidentalem
1860 1556 2113 1664 gradus
2142 1570 2599 1660 longitudinis
2626 1571 3001 1642 centesimi

871 1688 1380 1784 quadragesimi
1417 1691 1817 1782 quarti„in
1883 1691 2325 1771 meridionali
2380 1712 2551 1764 vero
2606 1689 3001 1765 latitudinis

871 1812 1210 1906 trigesimi
1265 1811 1590 1904 septimi3
1647 1833 1729 1884 ac
1784 1811 2089 1884 dioecesi
2143 1805 2605 1884 Ballaratensi
2658 1811 2731 1884 in
2788 1813 3003 1904 plaga

871 1932 1286 2008 occidentali
1324 1931 1580 2004 limites
1637 1933 2087 2025 praefinimus
2125 1935 2386 2006 lineam
2418 1934 3007 2026 longitudinalem

871 2057 1318 2128 centesimam
1356 2055 1967 2158 quadragesimam
1998 2067 2321 2153 quartam
2362 2074 2401 2126 a
2439 2057 2613 2126 mari
2652 2078 2885 2149 usque
2916 2056 3007 2126 ad

871 2175 1135 2248 flumen
1193 2168 1510 2266 Murra'y,
1568 2173 1881 2268 itemque
1920 2162 2179 2246 lineam
2238 2168 2568 2248 'eamdem
2617 2198 2799 2269 quae
2868 2173 3013 2248 Co-

871 2294 1128 2368 loniam
1183 2293 1554 2378 definiens,
1622 2294 1814 2366 illam
1880 2317 1922 2366 a
1986 2296 2287 2370 dioecesi
2356 2293 2803 2368 Adelaidensi
2884 2319 3011 2368 seu

875 2437 917 2486 a
988 2411 1280 2489 Colonia
1347 2411 1743 2486 Australiae
1801 2411 2285 2488 Meridionalis
2324 2427 2633 2510 separat,
2688 2417 2874 2489 adeo
2932 2426 3017 2492 ut

853 2535 1138 2634 ‚flumen
1191 2539 1426 2630 ipsum
1463 2531 1995 2635 Murrayjimes
2055 2538 2626 2632 septentrionalis
2682 2539 2813 2622 sit,
2858 2558 3013 2612 ma·

875 2680 951 2739 re
1008 2668 1236 2747 autem
1292 2654 1588 2735 limitem
1682 2658 2213 2738 meridionalem
2294 2654 2709 2735 constituat.
2780 2654 3011 2731 Nobis

875 2789 1116 2875 tamen
1154 2788 1226 2858 et
1264 2773 1568 2862 Sanctae
1619 2774 2074 2872 Apostolieae
2130 2776 2295 2856 Sedi
2353 2800 2725 2861 servamus
2782 2780 3013 2857 facul-

877 2910 1096 2996 tatem
1151 2919 1422 2977 novam
1475 2897 1767 2995 ineundi
1826 2901 2147 2977 eiusdem
2230 2898 2573 2977 Coloniae
2646 2896 3011 2981 Victoriae

873 3020 1434 3112 divisionem,ksj
1487 3019 1560 3094 id
1609 3021 2009 3113 animarum
2044 3024 2255 3135 palus
2310 3044 2395 3095 ac
2450 3044 2685 3097 rerum
2742 3024 3013 3100 adiuu-

875 3152 1016 3226 eta¹
1031 3139 1573 3237 postulaverint.
1617 3136 2127 3224 Executionem
2174 3144 2481 3237 denique
2518 3146 3015 3236 praesentium

877 3254 1315 3361 Litterarum
1363 3254 1768 3355 Nostrarum
1812 3258 2210 3342 Venerabili
2254 3260 2487 3343 Fratri
2541 3262 2801 3339 Iacobo
2858 3264 3017 3341 Ali-

869 3385 994 3476 pio
1040 3378 1831 3475 GooldaMelhournensi
1886 3382 2444 3479 ,archiepiscopo
2495 3408 2657 3463 eum
2714 3389 3019 3464 faculta-

877 3503 1542 3601 tibus-necessariis
1593 3517 1663 3575 et
1718 3505 2164 3613 opnortuniS,
2228 3518 2307 3584 ut
2362 3510 2766 3584 accuratius
2820 3508 3019 3585 limi-

880 3636 989 3704 tes
1027 3624 1396 3719 utriusque
1453 3624 1801 3712 dioecesis
1842 3648 1966 3720 per
2006 3628 2208 3704 varia
2264 3630 2612 3704 territorii
2668 3629 2821 3702 loca
2884 3650 3015 3705 sen

873 3745 1244 3830 districtus
1283 3746 1771 3837 designentur,
1812 3747 2311 3824 committimus
2350 3771 2435 3823 ac
2472 3748 3013 3823 demandamus.

869 3861 1083 3961 Haec
1134 3865 1460 3959 volumus
1495 3877 1570 3942 et
1607 3866 1965 3958 iuhemus,
1994 3870 2457 3951 decernentes
2512 3870 2643 3945 has
2696 3866 3017 3945 Litteras

872 3982 1179 4083 Nostras
1201 4071 1208 4079 ,
1231 3986 1502 4083 ἣηιιεε,
1543 3988 1835 4076 validas,
1866 3984 1946 4064 'et
1982 3993 2305 4068 efficaces
2340 3988 2683 4075 existere,
2722 4014 2805 4065 ac
2828 3991 3019 4081 fore,

881 4126 1184 4203 suosque
1239 4107 1629 4203 plenarios,¹
1657 4120 1741 4201 et⁸
1769 4112 2083 4203 integros
2118 4109 2408 4186 effectus
2468 4112 2727 4195 sortiri,
2768 4123 2839 4187 et
2880 4114 3025 4189 ob-

875 4230 1164 4325 &lumi
1199 4227 1436 4323 sicque
1473 4238 1546 4303 et
1583 4251 1727 4306 non
1772 4231 1977 4307 aliter
2032 4254 2156 4325 per
2211 4252 2689 4327 quoscumque
2728 4230 3020 4317 ludices

883 4349 1308 4457 ordinarios,
1337 4362 1432 4441 et,
1457 4350 1815 4467 delegatos
1861 4353 2073 4443 etiam
2109 4350 2492 4434 Causarum
2526 4351 2783 4433 Palatii
2820 4352 3027 4451 Apo-
