3292 5275
287 622 652 695 habuimus
706 640 870 695 cum
923 614 1244 694 Nationis
1299 618 1490 694 illius
1543 616 1911 695 Gubernio
1986 622 2097 695 die
2180 612 2233 694 5
2304 642 2415 694 se·-

290 742 628 835 ptembris
657 742 820 813 anni
861 730 1054 813 1851
1087 735 1192 839 (1)
1219 742 1535 815 animum
1567 742 1757 813 inter
1794 753 2031 815 cetera
2064 744 2417 816 converti·-

287 884 442 937 mus
497 864 594 935 ad
650 861 1078 933 incommoda
1135 860 1204 930 in
1259 862 1725 934 ecclesiastici
1782 862 2145 953 regiminis
2200 862 2417 935 detri-

287 991 610 1055 mentum
665 982 982 1053 derivata
1031 1001 1066 1050 a
1111 1000 1201 1051 ex
1241 979 1679 1070 dispersione
1734 980 2071 1054 territorii
2128 982 2213 1053 ad
2251 1002 2419 1075 qua-

159 1174 166 1181 .
295 1128 330 1177 n
395 1118 556 1179 tuor
609 1102 900 1179 Militias
953 1100 1198 1176 Sancti
1255 1100 1522 1189 lacobi,
1579 1100 2039 1193 Alcantarae,
2098 1103 2418 1180 Calatra-

297 1248 332 1297 n
397 1248 530 1299 vae
583 1237 657 1299 et
709 1220 1098 1339 Montesiae
1155 1226 1576 1317 pertinentis
1638 1248 1673 1294 »
1738 1226 2017 1318 quibuS,
2076 1227 2418 1301 constitu-

289 1359 364 1420 ta
417 1358 586 1422 tunc
643 1346 948 1431 ratione,
987 1345 1508 1418 consulendum
1545 1345 1992 1419 decrevimus
2046 1343 2417 1419 occasione
2546 1328 2551 1331 ¹

289 1487 510 1541 novae
563 1464 1222 1556 circumscriptionis
1275 1466 1729 1552 dioecesium,
1770 1488 1955 1559 quae
1998 1467 2073 1539 in
2112 1488 2197 1539 ea
2231 1459 2421 1541 Con·-

289 1589 622 1661 ventionc
675 1584 990 1659 facienda
1074 1586 1551 1659 statuebatur.
1615 1580 1873 1659 Verum
1938 1608 2101 1659 cum
2164 1587 2239 1659 in
2294 1609 2419 1661 eo-

291 1729 447 1782 rum
501 1702 906 1779 Militarium
957 1700 1306 1779 Ordinum
1373 1706 1755 1778 territoriis
1821 1706 1911 1778 ob
1964 1728 2189 1799 nuper
2238 1707 2417 1780 latas

288 1828 478 1919 leges
531 1839 758 1900 cesset
799 1824 1086 1899 interim
1123 1826 1674 1900 ecclesiasticum
1714 1826 2051 1920 regimen,
2088 1822 2228 1900 Nos
2266 1836 2421 1900 tan-

290 1960 404 2021 tae
459 1948 870 2021 necessitati
929 1944 1170 2019 s'tatim
1225 1958 1298 2019 et
1353 1949 1508 2019 sine
1564 1948 1711 2019 ulla
1764 1948 2099 2021 dilatione
2144 1948 2420 2041 prospi-

288 2059 846 2161 cere'cogimur,
911 2088 1006 2140 ne
1065 2066 1245 2139 illud
1298 2068 1502 2159 plane
1559 2065 1866 2140 deficiat.

503 2186 560 2259 Ii
616 2180 822 2261 certe'
859 2184 1200 2259 Militares
1258 2184 1594 2271 OrdineS,
1652 2186 1814 2260 licet
1872 2186 2162 2279 origine,
2214 2197 2421 2261 vetu-

293 2320 506 2395 state,
569 2310 792 2381 forma
853 2310 1219 2393 distincti,
1277 2329 1442 2381 cum
1494 2306 1805 2380 universi
1863 2317 2257 2399 spectarent
2312 2318 2424 2379 tu-

293 2433 504 2503 telam
543 2440 616 2501 et
653 2428 1204 2501 incolumitatem
1241 2426 1430 2511 fidei,
1469 2428 2041 2521 propagationem
2096 2428 2423 2500 christia-

293 2551 366 2621 ni
428 2551 771 2634 nominis,
807 2550 1280 2623 defensionem
1335 2550 1598 2630 throni,
1639 2548 2125 2621 liberationem
2169 2544 2423 2641 Hispa-

294 2671 554 2742 niarum
591 2671 683 2742 ab
723 2669 1108 2745 infidelium
1165 2673 1358 2762 iugo,
1401 2669 1993 2764 splendidioribus
2047 2669 2240 2760 regni
2296 2671 2422 2742 de·-

295 2791 578 2864 coribus
634 2792 882 2864 merito
963 2793 1250 2864 fuerunt
1303 2791 1671 2862 adcensiti.
1731 2786 2082 2882 Siquidem
2138 2788 2423 2860 illustri-

297 2913 428 2986 bus
479 2913 726 2985 harum
783 2908 1220 2996 Militiarum,
1281 2912 1350 2981 in
1408 2907 1789 3000 Regulares
1840 2921 2085 3002 postea
2121 2904 2421 2982 Ordines

299 3051 798 3105 conversarum
829 3083 854 3120 ,
904 3031 1356 3106 bellatoribus
1409 3043 1769 3122 acceptam
1838 3049 1979 3100 non
2036 3030 2253 3102 semel
2312 3049 2423 3100 re-

295 3153 478 3222 ferre
532 3152 767 3224 debuit
817 3149 1150 3247 Hispania
1205 3151 1564 3245 religionis
1623 3169 1891 3241 pacem,
1950 3146 2423 3239 tranquillitaff·

297 3283 438 3346 tcm
518 3276 1198 3367 prosperitatemque
1275 3291 1472 3346 suam
1507 3318 1530 3354 ,
1599 3268 2096 3340 validissimum
2152 3262 2423 3356 Regum

297 3417 580 3468 suorum
635 3399 987 3483 columen,
1031 3409 1102 3469 et
1148 3393 1693 3468 destructionem
1748 3412 2009 3464 exosae
2064 3390 2425 3464 funestae-

297 3538 437 3612 que
492 3518 984 3593 dominationis
1039 3515 1450 3590 infidelium.

508 3635 806 3715 Romani
889 3640 1150 3714 idcirco
1203 3634 1582 3710 Pontifices
1645 3635 2010 3728 provectui
2066 3631 2419 3723 religionis

297 3767 370 3830 et
406 3763 790 3836 catholicae
849 3763 1168 3836 nationis
1215 3761 1653 3832 incremento
1690 3757 2053 3829 studentes
2094 3756 2251 3826 illos
2288 3747 2424 3824 Or·-

295 3879 498 3956 dines
553 3885 897 3978 peculiari
938 3885 1176 3954 favore
1218 3881 1626 3972 prosequuti
1666 3879 1985 3962 fuerunt,
2042 3875 2421 3966 multisque

294 4005 688 4099 privilegiis
743 4013 1136 4077 ornarunt:
1193 3997 1422 4090 Reges
1477 4019 1649 4070 vero
1687 3993 1985 4090 Hispani
2040 3993 2423 4087 compluri-

297 4127 428 4198 bus
504 4127 697 4218 ipsos
771 4127 1078 4218 latisque
1166 4122 1484 4194 ditarunt
1537 4119 1953 4206 territoriis,
2008 4135 2223 4212 quae,
2279 4109 2421 4188 Re·-

462 4383 544 4468 (1)
585 4383 732 4451 vid.
775 4383 944 4450 Acta
983 4381 1084 4464 Pii
1125 4379 1218 4449 lx
1258 4381 1392 4452 vol.
1437 4377 1468 4444 1
1507 4397 1655 4464 pag.
1698 4375 1840 4446 311.
1897 4483 1995 4568 14
