3292 5275
906 460 1071 543 208

904 601 979 675 in
1033 601 1191 677 fidei
1242 614 1315 675 et
1350 598 1875 677 communionis
1905 600 2168 675 unitate
2219 610 2796 685 omnen-veretur,
2831 600 3010 677 hea-

904 732 1057 796 tum
1109 719 1401 795 Petrum
1474 722 1731 793 ceteris
1808 718 2158 813 Apostolis
2231 740 2668 812 praeponens
2723 722 2798 792 in
2851 722 3008 815 ipso

904 841 1197 914 instituit
1250 853 1664 935 perpetuum
1717 841 2082 933 utriusque
2119 837 2404 913 unitatis
2457 839 2878 933 principium
2921 862 3008 913 ac

902 961 1179 1034 visibile
1232 962 1794 1044 fundamentum,
1839 974 2050 1051 super
2105 960 2306 1032 cuius
2362 958 2834 1031 fortitudinem
2890 981 3012 1033 ae·

900 1090 1175 1153 ternum
1230 1091 1674 1154 extrueretur
1729 1080 2087 1171 tempium,
2127 1090 2201 1151 et
2237 1074 2594 1153 Ecclesiae
2647 1080 2843 1153 caelo
2899 1080 3011 1151 in-

901 1202 1187 1275 ferenda
1244 1201 1629 1283 sublimitas
1704 1199 1774 1274 in
1848 1198 2052 1275 huius
2106 1198 2267 1272 fidei
2332 1198 2662 1273 firmitate
2713 1221 3012 1275 consur-

903 1332 1099 1413 geret
1135 1310 1267 1419 (1).
1308 1316 1399 1393 Et
1452 1321 1783 1415 quoniam
1835 1331 2080 1413 portae
2134 1318 2349 1391 inferi
2383 1320 2469 1392 ad
2523 1323 3008 1411 evertendam,

904 1442 958 1514 si
1012 1440 1163 1514 fieri
1221 1451 1481 1534 posset,
1536 1436 1922 1513 Ecclesiam
1975 1452 2216 1513 contra
2271 1442 2430 1513 eius
2481 1440 3007 1515 fundamentum

903 1559 1235 1636 divinitus
1290 1562 1589 1655 positum
1640 1557 1886 1633 maiori
1959 1558 2036 1631 in
2088 1558 2240 1633 dies
2293 1552 2455 1633 odio
2527 1562 2834 1657 undique
2897 1562 3010 1637 in-

903 1691 1251 1774 surgunt,
1305 1678 1447 1755 Nos
1500 1681 1588 1755 ad
1641 1680 1970 1754 catholici
2043 1681 2270 1775 gregis
2321 1681 2712 1755 custodiam
2739 1730 2762 1767 ,
2816 1682 3011 1758 inco-

901 1804 1320 1887 lumitatem,
1362 1813 1845 1895 augmentum,
1884 1803 2362 1877 necessarium
2396 1819 2552 1876 esse
2588 1802 3006 1893 iudicamus,

900 1944 1100 1997 sacro
1156 1925 1584 2018 approbante
1637 1920 1982 2009 Concilio,
2035 1922 2444 1997 doetrinam'
2477 1923 2566 1997 de
2621 1923 3009 2001 institutio-

898 2065 1019 2131 ne,
1076 2046 1569 2138 perpetuitate,
1626 2068 1709 2119 ac
1765 2050 2013 2119 natura
2067 2043 2246 2117 sacri
2302 2038 2692 2137 Apostolici
2745 2047 3006 2138 prima-

898 2175 1033 2249 tus,
1090 2165 1165 2237 in
1218 2188 1359 2260 quo
1412 2166 1631 2239 totius
1686 2160 2046 2239 Ecclesiae
2103 2164 2212 2238 vis
2266 2185 2347 2236 ac
2401 2164 2716 2239 soliditas
2771 2170 3009 2241 consi-

898 2284 1056 2370 stit,
1114 2284 1383 2359 cunctis
1438 2284 1756 2359 fidelibus
1809 2284 2228 2357 credendam
2283 2295 2358 2356 et
2407 2285 2774 2358 tenendam
2800 2334 2827 2375 ,
2881 2307 3008 2361 se-

896 2406 1201 2479 cundum
1256 2406 1615 2501 antiquam
1655 2416 1864 2499 atque
1899 2413 2350 2477 constantem
2401 2404 2815 2478 universalis
2859 2402 3008 2480 Ec-

895 2525 1147 2599 clesiae
1202 2526 1433 2612 fidem,
1489 2546 1908 2619 proponere,
1959 2535 2172 2620 atque
2225 2527 2642 2613 contrarioS,
2697 2526 3013 2604 domiui-

895 2669 985 2720 co
1032 2648 1223 2742 gregi
1258 2648 1437 2722 odeo
1474 2649 1908 2741 perniciosos
1941 2669 2216 2724 errores
2243 2647 2682 2743 ‘proscribere
2719 2660 2796 2724 et
2825 2671 3010 2724 con-

896 2766 1249 2846 demate.
2221 2807 2226 2814 ·

1731 3006 2042 3086 CAPUT
2095 3007 2150 3084 Ι.

1191 3273 1275 3331 DI»
1326 3277 1692 3333 troarnum
1749 3275 2064 3330 '8118'ss
2117 3268 2176 3327 ΙΝ
2230 3277 2444 3330 884Ὶο
2493 3271 2704 3332 PBt-⁰

1711 3393 2184 3451 ifflssw'l'lfflss·

1101 3612 1449 3695 nomm
1502 3621 1740 3714 itaque
1775 3631 1846 3692 et
1869 3619 2349 3702 sdoelarumus,
2382 3616 2584 3690 iuxta
2617 3614 3006 3710 Evangelii

890 3737 1283 3818 testimonia
1336 3742 1716 3834 primatum
1751 3739 2251 3817 iurisdictionis
2291 3742 2365 3817 in
2421 3743 2830 3818 universam
2861 3733 3006 3814 nei

890 3854 1274 3933 Ecclesiam
1322 3861 1720 3935 immediate
1795 3871 1875 3934 et
1922 3861 2188 3934 directe
2265 3861 2470 3940 betto
2525 3857 2734 3934 Petro
2794 3857 3010 3952 Apo-

891 3981 1069 4054 stolo
1122 3979 1539 4076 pruiniacum
1590 3994 1812 4077 atque
1859 3982 2192 4055 collatum
2271 4003 2312 4055 a
2365 3977 2653 4056 Christo
2701 3975 3004 4055 Domino

890 4235 1136 4404 “hm
1168 4234 1237 4352 8.
1282 4237 1415 4308 Leo
1454 4233 1547 4308 Μ.
1582 4254 1774 4310 serm.
1819 4239 1932 4309 Ν.
1975 4239 2258 4327 (³1:111.)
2301 4252 2440 4328 cap.
2469 4239 2531 4310 Β.
2561 4233 2628 4308 ln
2653 4239 2824 4308 siem
2851 4237 2994 4310 N·-

1082 4353 1209 4404 sun.
