3292 5275
1013 650 1667 751 ALLOGVTIO
2289 516 2397 599 2⁷

770 968 990 1021 unm
1045 968 1107 1020 ΙΝ
1159 966 1572 1020 constsrotuo
1625 964 1911 1017 sucuro

871 1102 975 1154 nm
1027 1102 1150 1153 XXV
1206 1101 1359 1152 tvm!
1415 1099 1799 1155 nncccnxtx.

949 1634 1378 1688 vsnnuntns
1429 1634 1721 1688 nanta

286 2001 618 2169 Novam
651 2140 674 2179 ,
751 2104 826 2167 et
881 2094 1269 2167 catholicae
1321 2088 1684 2167 Ecclesiae
1716 2140 1739 2179 ,
1804 2092 2091 2188 eiusque
2144 2093 2395 2168 immu-

283 2214 504 2301 nitati,
557 2214 890 2299 libertati,
945 2224 1016 2285 ct
1072 2214 1344 2287 iuribus
1379 2262 1402 2299 ,
1469 2235 1554 2288 ac
1609 2215 1730 2289 vel
1803 2214 1940 2305 ipsi
1998 2213 2196 2287 civili
2272 2236 2393 2288 so-

281 2336 520 2409 cietati
555 2335 856 2409 maxime
894 2336 1217 2409 infestam
1267 2336 1488 2427 legem
1525 2358 1568 2409 a
1603 2330 1990 2429 Subalpino
2029 2328 2391 2409 Gubernio

279 2456 534 2530 editam
557 2506 580 2543 ,
635 2477 718 2529 ac
771 2458 1280 2551 promulgatam
1333 2477 1494 2529 cum
1545 2477 1821 2529 summo
1884 2455 2096 2529 animi
2151 2450 2387 2529 Nostri

280 2576 516 2651 dolore
569 2576 646 2650 in
677 2576 812 2652 hoc
857 2576 1288 2670 amplissimo
1341 2587 1582 2652 vestro
1635 2596 1975 2652 consessu
2026 2576 2389 2671 deplorare

279 2699 612 2790 cogimur,
663 2693 1121 2771 venerabiles
1175 2693 1486 2771 Fratres.
1543 2694 1780 2794 Atque
1818 2696 1929 2770 hic
1963 2691 2107 2791 Nos
2160 2697 2389 2793 loqui-

278 2839 440 2894 mur
493 2818 582 2890 de
633 2817 810 2912 lege,
863 2839 997 2912 qua
1036 2816 1224 2891 idem
1258 2813 1729 2904 Gubernium,
1782 2828 1942 2912 post
1998 2827 2102 2892 tot
2138 2837 2219 2890 ac
2266 2819 2388 2890 in-

279 2959 612 3014 numeros
667 2940 815 3012 fere
873 2959 1114 3024 ausus,
1169 2950 1242 3012 ct
1295 2938 1590 3013 iniurias
1643 2933 2038 3024 Ecclesiae,
2092 2939 2389 3034 eiusque

277 3061 496 3133 sacris
547 3057 880 3132 ministris
901 3105 927 3139 ,
982 3058 1330 3154 rebusque
1393 3059 1622 3132 illatas
1650 3108 1674 3145 ,
1730 3056 2041 3134 Clericos
2092 3059 2387 3133 militari

274 3179 762 3275 conquisitioni
811 3179 1162 3252 subiicere
1197 3200 1342 3252 non
1369 3180 1755 3256 dubitavit.
1804 3177 2071 3275 Ecquis
2110 3199 2255 3253 non
2281 3181 2389 3254 vi-

276 3301 392 3372 det
447 3321 659 3395 quam
709 3300 1040 3372 damnosa
1074 3348 1097 3385 ,
1155 3311 1230 3372 et
1280 3321 1491 3394 quam
1542 3301 1819 3374 hostilis
1872 3297 2241 3375 Ecclesiae
2296 3298 2387 3372 sit

275 3421 454 3494 haec
489 3423 634 3509 lex,
668 3441 851 3516 quae
887 3415 1248 3496 Ecclesiae
1304 3422 1416 3496 ius
1469 3421 1560 3494 ah
1611 3423 1767 3516 ipso
1818 3416 2097 3495 Christo
2140 3417 2387 3494 Domi-

277 3562 370 3616 no
405 3544 474 3615 ei
513 3541 856 3617 tributum
891 3541 1214 3636 impedit,
1243 3552 1317 3615 et
1351 3553 1669 3617 coarctat
1702 3541 2005 3635 eligendi
2060 3541 2381 3626 idoneos,

277 3683 356 3736 ac
411 3658 836 3736 necessarios
888 3661 1248 3736 ministros
1265 3711 1294 3751 ,
1339 3665 1462 3758 qni
1499 3662 1608 3736 'ab
1660 3662 1906 3736 eodem
1958 3658 2239 3737 Christo
2291 3661 2383 3734 ad

275 3782 594 3856 divinam
629 3803 824 3856 suam
880 3783 1290 3878 religionem
1325 3784 1680 3871 tuendam,
1716 3783 2261 3877 propagandam,
2290 3781 2383 3855 ad

275 3905 673 3977 animarum
725 3903 1024 3977 salutem
1087 3925 1310 4000 usque
1363 3905 1456 3976 ad
1507 3904 2172 3979 consummationem
2224 3923 2384 3976 sae-

273 4024 418 4099 culi
471 4024 986 4119 procurandam
1049 4024 1419 4100 constituti
1484 4027 1825 4114 filerunt3
1878 4045 2197 4124 quaeque
2248 4045 2383 4120 po-

107 4143 114 4146 ’
273 4142 620 4218 tissimum
669 4165 757 4219 co
807 4145 1018 4220 unice
1071 4157 1390 4239 spectare
1442 4147 1751 4232 videtur,
1792 4158 1869 4218 ut
1903 4146 1981 4219 in
2013 4145 2145 4248 hac
2194 4145 2381 4221 inie-

271 4265 610 4340 licissima
649 4261 884 4353 Italia,
921 4265 982 4343 si
1017 4267 1170 4341 fieri
1209 4288 1521 4364 unquam
1557 4277 1835 4364 poen..
1854 4267 2211 4377 catholica
2237 4261 2381 4342 Ec-

270 4386 482 4463 clesia
537 4385 848 4463 funditus
901 4385 1214 4464 deleatur
1265 4400 1337 4463 et
1391 4390 1905 4480 exterminetur
1930 4381 1975 4462 ’ἒ
