3292 5275
872 681 945 743 et
996 666 1285 741 Ciliciae
1339 659 1790 738 Patriarchas
1843 639 2144 738 exortae
2185 676 2356 735 sunt
2415 660 2980 746 controversiae,

872 810 1049 884 quae
1105 788 1261 880 plus
1316 785 1549 860 minus
1604 786 1694 859 ad
1747 786 1920 858 haec
1959 786 2346 858 novissima
2403 795 2719 877 tempora
2773 784 2986 857 effer-

870 911 1218 995 bu'erunt3
1257 918 1328 980 et
1378 903 1551 979 hacc
1608 906 1793 978 inter
1845 884 2252 979 huiusmodi
2291 896 2584 976 Ordinis
2621 905 2984 997 paullatim

873 1030 1281 1103 immutatae
1312 1037 1474 1099 sunt
1500 1024 2069 1110 constitutioneS,
2101 1042 2271 1119 quas
2295 1020 2758 1118 congregatio
2785 1021 2988 1098 Chri-

872 1150 1105 1221 stiano
1143 1148 1405 1221 nomini
1446 1146 1890 1240 propagando
1929 1144 2356 1238 praeposita,
2393 1145 2618 1217 donec
2657 1146 2860 1218 aliter
2896 1146 2986 1221 de

873 1271 1123 1343 iisdem
1174 1268 1561 1363 quidquam
1596 1250 2126 1349 decerneretur,
2165 1266 2440 1339 servari
2475 1267 2988 1356 mandaverat3

874 1400 946 1461 et
1000 1388 1245 1481 paucis
1300 1387 1389 1464 ab
1442 1386 1612 1462 hinc
1668 1384 1866 1459 annis
1920 1383 2339 1491 gravissima
2397 1386 2468 1457 in
2507 1381 2986 1460 Antonianum

874 1504 1231 1593 Ordinem,
1286 1506 1681 1579 inconsulta
1717 1502 1898 1579 Sede
1936 1501 2359 1599 Apostolica,
2398 1507 2686 1581 invecta
2725 1518 2834 1579 est
2873 1508 2988 1579 in-

876 1626 1181 1701 novatio.
1239 1620 1495 1700 Munus
1549 1626 1744 1698 enim
1796 1620 2092 1698 Abbatis
2146 1620 2537 1713 Generalis,
2594 1626 2784 1721 quod
2837 1648 2988 1701 me-

874 1748 1123 1820 morati
1175 1742 1458 1821 Ordinis
1514 1746 2060 1820 constitutiones
2081 1822 2090 1834 ,
2114 1748 2192 1819 in
2245 1746 2623 1819 triennium
2685 1745 2990 1821 definie-

873 1868 1073 1957 bant,
1132 1870 1325 1945 nulla
1364 1866 1728 1960 implorata
1765 1864 2073 1940 Sanctae
2111 1864 2309 1940 Sedis
2345 1868 2588 1953 venia,
2629 1869 2716 1941 ad
2761 1870 2986 1942 vitam

871 1990 1213 2081 prolatum
1264 2001 1397 2072 est,
1454 1988 1822 2082 eidemque
1881 1984 2158 2063 muneri
2212 1983 2698 2062 Antiochenae
2737 1983 2992 2061 Eccle-

874 2112 1020 2184 siae
1074 2109 1381 2200 regimen
1435 2108 1812 2183 adiectum.

1084 2224 1235 2302 Hoc
1289 2230 1497 2304 titulo
1560 2224 1954 2323 Episcopali
2018 2229 2447 2314 charactere,
2503 2240 2579 2302 et
2641 2229 2990 2322 dignitate

876 2361 1125 2425 auctus
1182 2350 1317 2425 fuit
1368 2343 1810 2423 Venerabilis
1865 2346 2119 2423 Frater
2172 2343 2498 2423 Placidus
2559 2344 2990 2445 Kasanssian,

874 2492 1083 2569 quem
1134 2467 1533 2564 supradicta
1584 2464 2078 2564 Congregatio,
2137 2470 2528 2565 improbato
2565 2468 2776 2557 facto,
2825 2470 2992 2544 sivit

875 2594 953 2666 in
976 2590 1235 2666 'eodem
1272 2588 1491 2666 officio
1526 2614 1617 2665 ex
1676 2591 2040 2686 pontificia
2075 2590 2551 2686 indulgentia,
2608 2605 2679 2665 et
2737 2591 2820 2665 ad
2857 2610 2994 2667 nu-

875 2727 1029 2790 tum
1084 2711 1159 2787 S.
1221 2710 1420 2786 Sedis
1475 2708 1930 2808 Apostolicae
1967 2734 2278 2786 manere.
2317 2709 2600 2786 Interea
2639 2713 2724 2787 de
2764 2710 2996 2787 Anto-

876 2835 1073 2909 niani
1110 2831 1392 2909 Ordinis
1431 2837 1614 2907 statu
1673 2837 1984 2929 apprime
2039 2834 2528 2926 cognoscendo
2582 2845 2813 2907 actum
2849 2849 2988 2920 est,

876 2955 1173 3050 ideoque
1214 2963 1640 3030 memoratus
1678 2951 1914 3029 Abbas
1953 2957 2185 3030 iussus
2225 2955 2360 3029 fuit
2398 2954 2675 3046 regulas
2715 2965 2787 3026 et
2823 2975 2996 3029 con-

879 3068 1286 3150 stitutiones
1342 3088 1502 3151 actu
1540 3079 1864 3169 vigentes
1902 3075 2258 3160 exhibere,
2299 3075 2603 3172 aliaque,
2639 3095 2821 3170 quae
2860 3096 2996 3150 uo-

877 3197 1061 3271 visse
1090 3204 1474 3294 oporteret,
1504 3209 1824 3271 accurate
1855 3189 2423 3271 referre.Verum
2453 3215 2615 3271 cum
2633 3189 2999 3271 Constan-

878 3313 1167 3410 tinopoli
1207 3329 1371 3390 tunc
1424 3319 1766 3412 temporis
1820 3317 2241 3391 celebranda
2279 3326 2461 3388 esset
2495 3309 2994 3391 patriarchalis

876 3433 1368 3511 Armeniorum
1452 3435 1808 3532 synodus,
1863 3439 1931 3510 in
1989 3459 2129 3534 qua
2197 3439 2408 3510 etiam
2475 3435 2562 3509 de
2627 3427 2993 3510 Monachis

876 3570 1033 3632 erat
1084 3559 1458 3651 agendum,
1518 3559 1752 3632 visum
1805 3568 1941 3644 est,
2001 3570 2379 3653 antequam
2417 3555 2797 3652 quidquam
2835 3577 2998 3630 san·
3055 3621 3062 3626 .

876 3680 1168 3764 ciretur,
1225 3679 1538 3751 eiusdem
1592 3673 1862 3772 Synodi
1916 3677 2183 3753 exitum
2237 3677 2676 3774 praestolari.

1088 3791 1503 3892 Nuperrime
1566 3808 1800 3870 autem
1883 3797 2116 3892 gravia
2199 3798 2533 3872 adversus
2612 3796 2996 3890 legitimam

878 3911 1309 3993 Venerabilis
1358 3913 1629 3990 Fratris
1688 3913 1973 3992 Antonii
2026 3913 2220 3992 Petri
2257 3909 2352 3990 lx
2391 3913 2834 3992 Patriarebae
2872 3917 2998 3993 Ci-

876 4037 1083 4111 liciae
1139 4037 1624 4112 auctoritatem
1679 4039 1968 4113 dissidia
2008 4061 2092 4112 ac
2131 4039 2696 4133 perturbationes
2733 4062 2774 4113 a
2811 4059 2998 4115 non-

881 4154 1093 4230 nullis
1174 4152 1759 4243 Laicis,Clericis,
1812 4170 1887 4232 et
1949 4154 2302 4232 Monacbis
2382 4154 2998 4254 Constantinopoli

882 4271 1224 4350 excitatae
1279 4297 1365 4351 eo
1439 4290 1936 4374 proruperunt,
1993 4290 2073 4351 ut
2153 4272 2469 4353 eiusdem
2547 4272 2995 4354 Venerabilis

884 4391 1329 4476 Patriarchae
1382 4397 1572 4474 iussa
1629 4417 1760 4494 pro
1817 4389 2026 4474 nihilo
2083 4391 2320 4474 habita
2375 4397 2542 4485 sint,
2574 4417 2999 4478 commemo-

1619 4695 1657 4702 -a
