3292 5275
2283 489 2432 572 183

310 633 671 705 canonicis
724 635 957 718 habet,
1015 655 1159 707 non
1214 634 1371 707 ideo
1423 634 1613 727 quod
1658 635 1807 705 sola
1862 634 2168 706 humana
2224 633 2438 707 indu-

308 754 479 825 stria
536 755 963 838 concinnati,
1024 776 1153 827 sua
1210 752 1463 826 deinde
1513 753 1936 826 auctoritate
1993 754 2136 824 sint
2163 774 2440 846 *appro-

308 872 452 943 bati
486 895 511 959 3
570 894 703 945 nec
730 874 889 945 ideo
941 875 1337 955 dumtaxat,
1368 874 1554 967 quod
1592 873 2084 946 revelationem
2141 872 2294 945 sine
2329 895 2441 945 er-

308 1013 471 1065 rore
528 993 995 1080 contineant3
1051 994 1173 1065 sed
1216 1005 1595 1085 propterea
1651 994 1832 1085 quod
1871 988 2135 1085 Spiritu
2173 988 2438 1065 Sancto

306 1112 694 1203 inspirante
748 1103 1125 1206 conscripti
1184 1108 1403 1185 Deum
1460 1113 1724 1185 habent
1779 1125 2171 1194 auctorem,
2230 1124 2436 1205 atque

304 1242 383 1303 ut
442 1234 618 1303 tales
676 1232 809 1325 ipsi
862 1228 1214 1305 Ecclesiae
1270 1233 1514 1305 traditi
1567 1243 1757 1306 sunt.

520 1346 881 1440 Quoniam
921 1372 1125 1441 vero,
1150 1375 1331 1448 quae
1362 1348 2054 1437 sanctaTridentina
2109 1348 2436 1444 synodus

300 1473 389 1543 de
446 1472 1025 1569 interpretatione
1086 1474 1366 1547 divinae
1433 1468 1838 1566 Scripturae
1894 1473 1982 1543 ad
2051 1474 2436 1545 coercenda

304 1593 697 1683 petulantia
752 1592 1027 1686 ingenia
1083 1594 1459 1667 salubriter
1516 1593 1858 1676 decrevit,
1917 1613 1958 1663 a
2014 1592 2434 1685 quibusdam

302 1712 707 1786 hominibus
766 1734 983 1806 prave
1039 1725 1531 1808 exponuntur,
1590 1709 1770 1797 Noai,
1827 1712 2014 1784 idem
2079 1713 2434 1785 decretum

302 1843 770 1917 renovanteS,
828 1835 1009 1907 hanc
1058 1835 1251 1909 illius
1307 1845 1609 1907 mentem
1659 1854 1816 1935 ease
1853 1830 2314 1916 declaramus»,
2355 1846 2438 1905 ut

304 1954 379 2026 in
440 1954 644 2024 rebus
700 1954 861 2027 fidei
901 1968 973 2027 et
1012 1974 1315 2041 morum,
1350 1954 1438 2025 ad
1476 1951 2032 2045 aedificationem·
2076 1952 2434 2027 doctrinae

300 2068 743 2159 Christianae
800 2074 1300 2168 pertinentium
1326 2122 1347 2159 ,
1409 2074 1467 2146 is
1524 2096 1650 2167 pro
1707 2094 1880 2145 vero
1933 2068 2136 2146 sensu
2193 2091 2434 2147 sacrae

300 2187 709 2285 Scripturae
764 2194 1126 2269 habendus
1175 2198 1295 2278 sit,
1350 2214 1559 2288 quem
1614 2192 1860 2267 tenuit*
1893 2214 1973 2264 ac
2025 2189 2436 2265 tenet=San-

302 2324 419 2383 cta
472 2306 699 2385 Mater
752 2308 1097 2401 Ecclesia,
1146 2315 1338 2387 cuius
1372 2327 1481 2387 est
1534 2314 1842 2386 iudicare
1880 2312 1966 2385 de
2003 2334 2176 2386 vero
2223 2326 2432 2390 sensu

302 2446 379 2505 et
444 2432 1027 2525 interpretatione
1103 2431 1619 2529 scripturarum
1691 2444 2146 2521 sanctarum3
2205 2431 2434 2533 [jatque

302 2554 463 2624 ideo
518 2554 779 2626 nemini
836 2556 1045 2627 licere
1100 2569 1345 2629 eontra
1378 2548 1589 2629 'hunc
1639 2574 1977 2640 sensum,
2035 2569 2159 2627 aut
2213 2558 2428 2627 etiam

300 2685 551 2746 contra
604 2677 1004 2750 unanimem
1060 2698 1475 2750 consensum
1534 2673 1830 2758 Patrum
1872 2677 2086 2769 ipsam
2120 2671 2434 2771 Scriptu-

298 2815 457 2868 ram
510 2816 782 2868 sacram
838 2799 1316 2890 interpretari.

1126 3032 1435 3110 CAPUT
1490 3035 1610 3109 111.

1216 3303 1295 3354 1>ss
1354 3303 1495 3354 1³11>ss
1506 3333 1523 3350 .

515 3516 751 3609 Quum
786 3523 993 3602 homo
1024 3543 1066 3595 a
1094 3517 1243 3598 Deo
1286 3535 1619 3617 tanquam
1649 3521 1988 3599 Creatore
2021 3535 2096 3597 et
2133 3520 2430 3598 Domino

292 3664 427 3716 suo
482 3653 663 3716 totus
718 3643 1130 3737 dependeat,
1186 3657 1259 3716 et
1316 3645 1519 3718 ratio.
1550 3657 1784 3718 ereata
1837 3645 2192 3718 increatae
2233 3638 2433 3717 Veri-

296 3761 429 3835 tati
486 3765 774 3856 penitus
826 3763 1145 3838 subiecta
1190 3767 1324 3850 sit,
1386 3768 1666 3859 plenum
1717 3768 2062 3839 revelanti
2113 3761 2266 3837 Deo
2321 3765 2433 3837 in-

300 3885 628 3957 tellectus
682 3896 751 3956 et
806 3885 1195 3958 voluntatis
1252 3887 1666 3980 obsequium
1729 3885 1866 3962 fide.
1918 3900 2274 3979 praestare
2335 3899 2434 3960 te-

303 4027 585 4078 nemur.
642 4001 842 4078 Hanc
902 4025 1076 4080 vero
1113 4005 1347 4091 fidem,
1391 4029 1571 4101 quae
1608 4007 1956 4081 humanae
2011 4007 2258 4082 salutis
2296 4008 2432 4082 ini-

306 4128 483 4198 tium
538 4137 674 4210 est,
708 4121 1025 4199 Ecclesia
1062 4129 1405 4202 catholica
1462 4129 1858 4222 profitetur,
1901 4127 2239 4226 virtutem
2274 4152 2432 4204 esse

298 4245 935 4340 supernaturalem,
973 4269 1131 4340 qua,
1171 4244 1301 4320 Dei
1342 4247 1712 4343 aspirante
1740 4261 1812 4320 et
1849 4245 2234 4323 adiuvante
2274 4271 2432 4341 gra-

300 4371 428 4452 tia,
486 4368 575 4441 ab
628 4390 712 4440 eo
768 4369 1079 4445 revelata
1122 4391 1505 4446 vera.esse
1549 4369 1926 4459 credimur),
1963 4392 2102 4444 non
2143 4383 2429 4466 propter
