3292 5275
2272 514 2426 598 355

314 655 381 724 in
438 653 843 726 universam
888 651 1293 726 'Ecclesiam
1347 653 1595 728 divina
1636 653 2075 727 ordinatione
2123 655 2421 740 obtinet,

311 794 439 846 nec
476 795 617 846 non
648 772 1030 846 infallibilis
1062 773 1439 870 magisterii
1474 775 2029 866 praerogativam
2066 797 2206 870 qua
2243 774 2426 849 idem

310 893 550 986 pollet,
574 914 736 967 cum
765 895 1075 988 supremi
1102 889 1447 978 Fidelium
1478 889 1794 967 Pastoris
1823 905 1894 964 et
1921 889 2244 969 Doctoris
2269 915 2428 969 mu-

307 1033 479 1086 nere
520 1015 833 1108 fungitur
866 1013 940 1084 in
976 1011 1136 1087 fidei
1172 1035 1579 1108 morumque
1616 1013 1954 1087 doctrinis
1992 1011 2422 1088 definiendis.

513 1129 673 1224 Quo
710 1146 937 1208 autem
976 1135 1047 1208 hi
1088 1133 1508 1229 perditionis
1538 1133 1666 1208 {ilii
1707 1144 1954 1208 contra
2001 1134 2423 1208 catholicam

302 1251 692 1329 Ecclesiam
750 1256 1312 1351 persecutionem
1350 1255 1812 1328 saecularium
1851 1265 2276 1348 potestatum
2313 1277 2426 1328 ex-

304 1377 551 1462 citent,
611 1375 1028 1470 persuadere
1083 1373 1237 1448 istis
1293 1375 1776 1449 fraudulenter
1811 1385 2191 1459 conantur,
2231 1371 2425 1449 Con·-

304 1497 445 1568 cilii
500 1491 819 1570 Vaticani
872 1495 1173 1570 decretis
1230 1507 1541 1611 veterem
1596 1490 1956 1570 Ecclesiae
2023 1494 2420 1569 doctrinam

300 1637 461 1690 esse
499 1619 957 1704 immutatam,
995 1638 1075 1689 ac
1114 1617 1247 1709 ipsi
1286 1617 1719 1712 reipublicae
1757 1629 1830 1690 et
1873 1617 2420 1690 societaticivili

302 1757 519 1829 grave
584 1737 745 1810 inde
811 1737 1197 1831 periculum
1260 1757 1416 1810 esse
1478 1737 1880 1812 conflatum.
1956 1731 2226 1826 Quibus
2294 1759 2420 1810 ca·-

302 1859 613 1946 lumniis,
675 1853 1121 1932 venerabiles
1160 1853 1473 1946 Fratres,
1511 1855 1842 1952 quidnam
1905 1859 2241 1952 iniquius,
2298 1871 2421 1930 aut

299 1977 547 2051 eodem
584 1991 893 2073 tempore
928 1977 1296 2051 absurdius
1334 1975 1496 2070 fingi
1534 1979 1649 2052 vel
1689 1979 2076 2071 excogitari
2124 1990 2356 2075 potest
2377 1972 2422 2051 ἰ’

300 2079 759 2172 Nihilominus
814 2097 1187 2173 dolendum
1242 2109 1353 2172 est
1405 2097 1662 2172 alicubi
1717 2097 2096 2184 accidisse,
2153 2111 2230 2171 ut
2285 2098 2417 2192 ipsi

298 2218 715 2314 reipublicae
770 2219 1160 2293 administri
1230 2217 1628 2294 huiusmodi
1705 2219 2032 2314 improbis
2105 2219 2424 2294 insinua-

300 2339 610 2413 tionibus
661 2335 841 2433 capti
866 2387 889 2424 ,
944 2351 1017 2412 et
1078 2339 1335 2426 nullam
1392 2337 1754 2436 rationem.
1801 2340 2144 2413 habentes
2199 2339 2420 2414 offen·

299 2459 510 2534 sionis
564 2459 803 2555 populi
858 2457 1105 2548 fidelis,
1162 2460 1381 2553 palam
1424 2481 1553 2534 suo
1610 2461 2002 2555 patrocinio
2060 2473 2292 2553 tegere
2346 2472 2418 2533 et

298 2581 547 2658 favore
600 2579 1007 2655 confirmare
1064 2579 1129 2653 in
1184 2601 1427 2655 eorum
1484 2578 1856 2655 rebellione
1911 2601 2132 2657 novos
2187 2593 2417 2655 secta·-

298 2702 441 2775 rios
514 2722 659 2775 non
732 2700 1145 2776 dubitarint.
1204 2696 1397 2775 Haec
1475 2699 1639 2775 dum
1719 2720 1958 2796 presse
2035 2722 2116 2774 ac
2178 2700 2416 2774 brevi-

300 2834 405 2896 ter
456 2822 667 2897 bodie
741 2843 905 2897 cum
966 2843 1285 2897 moerore
1340 2816 1599 2897 Nostro
1665 2822 1846 2916 apud
1911 2844 2038 2897 vos
2107 2842 2414 2915 conque-

296 2943 546 3028 rimur,
599 2944 927 3015 meritam
980 2944 1265 3017 omnino
1301 2942 1578 3017 laudem
1614 2938 1758 3017 Nos
1797 2942 2101 3017 tribuere
2157 2942 2413 3017 debere

296 3063 766 3159 intelligimus,
798 3060 1127 3157 spectatis
1164 3064 1469 3155 regionis
1500 3064 1650 3136 eius
1671 3056 2066 3159 EpiscopiS,
2090 3084 2266 3157 quos
2297 3065 2410 3134 in-

296 3196 405 3259 ter
450 3179 937 3257 Venerabilem
992 3178 1303 3257 Fratrem
1356 3180 1981 3278 Archiepiscopum
2035 3178 2414 3257 Monacen-

291 3325 435 3378 sem
486 3302 771 3380 honoris
822 3323 1033 3378 causa
1088 3306 1275 3379 ultro
1338 3306 1822 3389 nominamus,
1889 3304 2008 3401 qui
2083 3302 2408 3397 singulari

293 3426 681 3498 animorum
717 3422 1219 3505 coniunctione,
1250 3424 1577 3519 pastorali
1616 3425 1802 3510 zelo,
1835 3423 2229 3498 admirabili
2267 3426 2408 3498 for-

294 3545 597 3619 titudine
646 3556 720 3618 et
754 3544 1019 3617 eximiis
1074 3542 1379 3640 scriptis,
1428 3546 1752 3619 veritatis
1806 3566 2092 3620 causam
2157 3556 2408 3619 contra

292 3666 685 3740 huiusmodi
739 3676 1029 3740 conatus
1084 3666 1645 3761 praeclarissime
1702 3666 2122 3755 detendunt;
2153 3666 2412 3741 huius-

291 3810 429 3883 que
511 3784 1131 3862 commendationis
1175 3797 1471 3881 ,partem
1532 3788 1847 3867 universi
1913 3788 2133 3861 etiam
2215 3782 2407 3860 Cleri

290 3902 687 4005 Populique
740 3906 965 3981 {idelis
1002 3907 1318 4000 egregiae
1372 3910 1623 4002 pietati
1662 3920 1736 3982 et
1771 3908 2094 4005 religioni
2147 3906 2408 3981 tribui-

290 4050 472 4117 mus,
500 4028 644 4123 qui,
677 4024 825 4105 Deo
861 4039 1297 4125 protegente,
1326 4024 1698 4105 Pastorum
1734 4049 2024 4104 suorum
2061 4028 2401 4103 sollicitu-

290 4148 435 4226 dini
488 4151 842 4225 cumulate
897 4150 1345 4243 respondent.

502 4268 597 4345 At
660 4266 875 4346 Nobis
937 4268 1205 4345 interea
1238 4318 1267 4361 ,
1314 4265 1768 4346 venerabiles
1829 4264 2118 4345 Fratres
2155 4319 2178 4357 ,
2247 4268 2402 4344 illuc

288 4390 743 4471 convertendi
802 4402 972 4471 sunt
1026 4390 1212 4471 oculi
1266 4402 1341 4469 et
1395 4392 1625 4469 cordis
1680 4402 1870 4481 vota,
1925 4391 2110 4468 unde
2167 4402 2402 4491 potest

1821 4516 1972 4606 23.
