3292 5275
2313 513 2410 605 51

1085 770 1629 868 EPISTOLA

404 1047 699 1098 brueris
752 1046 939 1098 ritus
990 1045 1262 1096 nsumco
1316 1043 1608 1106 Anssttts,
1665 1039 1936 1098 unumne
1993 1037 2304 1100 eructasti

766 1168 843 1218 ac
900 1167 1167 1216 curnis
1222 1167 1328 1227 Qvi
1386 1163 1566 1246 smyt.
1626 1161 1950 1249 inserunt

604 1287 918 1338 colnnvur
974 1286 1175 1336 nenvs
1231 1286 1601 1337 curiencis
1657 1277 2111 1338 Pnosrscrvnt.

1363 1442 1694 1495 ussum!

1248 1667 1465 1692 —nn—fl-'n

988 1949 1247 2048 PIVS
1310 1949 1481 2044 ΡΡ.
1556 1951 1716 2045 ΙΧ.

348 2274 597 2372 nicaen
650 2243 833 2339 ritu,
874 2263 1163 2329 sttvreu
1219 2275 1301 2327 m·
1356 2277 1788 2328 nost-omen
1841 2272 2350 2331 ntueutcrrotaetu

296 2499 522 2663 Inter
576 2589 935 2662 teterrima
990 2585 1379 2681 praesentis
1436 2587 1689 2663 aetatis
1745 2589 1958 2677 mala,
2001 2609 2184 2684 quae
2221 2587 2424 2663 doleo

294 2730 455 2781 mus
510 2710 988 2794 acerbissime,
1048 2704 1303 2781 Dilecti
1358 2705 1551 2795 Filii,
1602 2702 1754 2783 Nos
1807 2709 1978 2783 illud
2043 2710 2420 2803 praecipue

292 2828 653 2915 sollicitat,
692 2828 909 2923 quod,
951 2850 1113 2901 cum
1154 2829 1439 2903 tenellae
1476 2829 1858 2903 insidietur
1897 2832 2141 2914 aetati,
2171 2830 2418 2903 huma-

290 2972 457 3024 nam
510 2970 789 3023 omnem
844 2950 1379 3024 convalescendi
1436 2972 1635 3042 spem
1673 2951 1983 3025 adimere
2023 2949 2268 3023 nititur
2306 2971 2416 3023 re-

286 3071 535 3164 ligioso
588 3073 918 3167 civilique
956 3072 1335 3145 consortio.
1378 3068 1713 3164 Impietas
1752 3070 1932 3141 enim
1971 3071 2414 3143 auctoritatis

290 3215 641 3289 opumque
694 3191 917 3285 potita
969 3192 1161 3265 virus
1216 3212 1419 3266 suum
1488 3194 1874 3285 ingestura,
1927 3188 2274 3283 pueritiae
2327 3208 2412 3264 ac

288 3314 803 3387 adolescentiae
864 3314 1030 3385 hinc
1086 3313 1497 3397 insectatur,
1536 3312 1924 3402 opprimit3
1965 3311 2152 3381 delet
2207 3307 2416 3383 insti-

290 3446 447 3511 tuta
521 3435 843 3530 quaeviS,
893 3434 1077 3505 unde
1163 3433 1357 3525 ipsae
1430 3441 1725 3525 possent
1797 3428 2083 3503 haurire
2161 3448 2409 3503 sanam

286 3558 617 3650 piamque
672 3552 1062 3626 doctrinam
1116 3566 1189 3626 et
1254 3552 1343 3625 ad
1412 3553 1710 3627 virtutes
1772 3550 2188 3636 informari,
2246 3550 2407 3625 inde

284 3696 462 3752 vero
519 3683 1075 3750 succrescentem
1132 3676 1423 3769 prolem,
1480 3674 1718 3747 invitis
1773 3675 2030 3747 frustra
2091 3671 2410 3765 parenti·-

280 3798 445 3884 buS,
481 3794 849 3869 committit
886 3795 1451 3890 praeceptoribus
1509 3814 1842 3890 nequam,
1887 3816 1928 3865 a
1965 3794 2218 3888 quibus
2276 3814 2404 3886 per

282 3920 567 3991 inanem
618 3928 953 3991 ventosae
1008 3916 1665 4007 commentitiaeque
1722 3912 2052 3987 scientiae
2107 3934 2408 4008 appara-

282 4049 437 4113 tum
492 4038 883 4111 abducatur
935 4060 978 4110 a
1034 4032 1211 4122 Deo,
1252 4039 1595 4132 planeque
1644 4034 2036 4131 mancipata
2071 4036 2410 4127 terrenis,

280 4161 367 4233 ad
422 4160 825 4245 elationem,
880 4158 967 4231 ad
1025 4158 1337 4231 cuiusvis
1392 4156 1818 4232 auctoritatis
1881 4168 2392 4250 contemptum,

278 4280 367 4353 ad
424 4277 765 4353 fluxarum
822 4300 1055 4351 rerum
1110 4278 1563 4363 desiderium,
1606 4278 1690 4349 ad
1730 4276 2110 4372 voluptatis
2166 4278 2400 4350 illece-

279 4402 445 4475 bras
498 4400 865 4475 educetur.
905 4394 1063 4489 Qua
1119 4420 1283 4473 sane
1338 4399 1790 4492 corruptione
1829 4419 1988 4470 cum
2025 4398 2204 4471 nihil
2247 4396 2398 4471 exi-

1869 4522 1974 4601 4*
