<?xml version="1.0" encoding="UTF-8"?>
<!DOCTYPE html PUBLIC "-//W3C//DTD XHTML 1.0 Transitional//EN"
    "http://www.w3.org/TR/xhtml1/DTD/xhtml1-transitional.dtd">
<html xmlns="http://www.w3.org/1999/xhtml" xml:lang="en" lang="en">
 <head>
  <title>
</title>
<meta http-equiv="Content-Type" content="text/html;charset=utf-8" />
  <meta name='ocr-system' content='tesseract 3.04.00' />
  <meta name='ocr-capabilities' content='ocr_page ocr_carea ocr_par ocr_line ocrx_word'/>
</head>
<body>
  <div class='ocr_page' id='page_1' title='image "./piiixpontificis01ixgoog_0116.png"; bbox 0 0 3292 5275; ppageno 0'>
   <div class='ocr_carea' id='block_1_1' title="bbox 906 502 1057 585">
    <p class='ocr_par' dir='ltr' id='par_1_1' title="bbox 906 502 1057 585">
     <span class='ocr_line' id='line_1_1' title="bbox 906 502 1057 585; baseline -0.013 0"><span class='ocrx_word' id='word_1_1' title='bbox 906 502 1057 585; x_wconf 80' lang='lat'><strong>110</strong></span> 
     </span>
    </p>
   </div>
   <div class='ocr_carea' id='block_1_2' title="bbox 892 636 3018 3525">
    <p class='ocr_par' dir='ltr' id='par_1_2' title="bbox 896 636 3010 1222">
     <span class='ocr_line' id='line_1_2' title="bbox 900 636 3006 733; baseline -0 -21"><span class='ocrx_word' id='word_1_2' title='bbox 900 641 1293 715; x_wconf 87' lang='lat' dir='ltr'><strong>stimonium</strong></span> <span class='ocrx_word' id='word_1_3' title='bbox 1333 640 1760 733; x_wconf 87' lang='lat' dir='ltr'><strong>perhibeatis</strong></span> <span class='ocrx_word' id='word_1_4' title='bbox 1782 636 2016 713; x_wconf 77' lang='lat' dir='ltr'><strong>Verbo</strong></span> <span class='ocrx_word' id='word_1_5' title='bbox 2051 636 2180 716; x_wconf 87' lang='lat' dir='ltr'><strong>Dei</strong></span> <span class='ocrx_word' id='word_1_6' title='bbox 2217 649 2288 711; x_wconf 90' lang='lat' dir='ltr'><strong>et</strong></span> <span class='ocrx_word' id='word_1_7' title='bbox 2329 640 2808 717; x_wconf 89' lang='lat' dir='ltr'><strong>testimonium</strong></span> <span class='ocrx_word' id='word_1_8' title='bbox 2849 638 3006 713; x_wconf 87' lang='lat' dir='ltr'><strong>lesu</strong></span> 
     </span>
     <span class='ocr_line' id='line_1_3' title="bbox 896 754 3004 861; baseline -0.002 -26"><span class='ocrx_word' id='word_1_9' title='bbox 896 758 1157 835; x_wconf 79' lang='lat' dir='ltr'><strong>Christi</strong></span> <span class='ocrx_word' id='word_1_10' title='bbox 1210 754 1369 861; x_wconf 88' lang='grc'><strong>(1),</strong></span> <span class='ocrx_word' id='word_1_11' title='bbox 1425 761 1754 856; x_wconf 87' lang='lat' dir='ltr'><strong>viamque</strong></span> <span class='ocrx_word' id='word_1_12' title='bbox 1808 756 1940 833; x_wconf 86' lang='lat' dir='ltr'><strong>Dei</strong></span> <span class='ocrx_word' id='word_1_13' title='bbox 1995 762 2072 831; x_wconf 94' lang='lat' dir='ltr'><strong>in</strong></span> <span class='ocrx_word' id='word_1_14' title='bbox 2126 761 2428 835; x_wconf 83' lang='lat' dir='ltr'><strong>veritate</strong></span> <span class='ocrx_word' id='word_1_15' title='bbox 2480 782 2726 835; x_wconf 88' lang='lat' dir='ltr'><strong>omnes</strong></span> <span class='ocrx_word' id='word_1_16' title='bbox 2778 760 3004 835; x_wconf 87' lang='lat' dir='ltr'><strong>homi-</strong></span> 
     </span>
     <span class='ocr_line' id='line_1_4' title="bbox 896 874 3006 980; baseline -0.001 -26"><span class='ocrx_word' id='word_1_17' title='bbox 896 904 1015 955; x_wconf 86' lang='lat' dir='ltr'><strong>nes</strong></span> <span class='ocrx_word' id='word_1_18' title='bbox 1052 879 1427 955; x_wconf 85' lang='lat' dir='ltr'><strong>Nobiscum</strong></span> <span class='ocrx_word' id='word_1_19' title='bbox 1481 882 1794 955; x_wconf 88' lang='lat' dir='ltr'><strong>doceatis</strong></span> <span class='ocrx_word' id='word_1_20' title='bbox 1831 874 1968 980; x_wconf 87' lang='grc'><strong>(2),</strong></span> <span class='ocrx_word' id='word_1_21' title='bbox 2002 890 2076 952; x_wconf 82' lang='lat' dir='ltr'><strong>et</strong></span> <span class='ocrx_word' id='word_1_22' title='bbox 2112 879 2199 953; x_wconf 85' lang='lat' dir='ltr'><strong>de</strong></span> <span class='ocrx_word' id='word_1_23' title='bbox 2237 882 2792 974; x_wconf 89' lang='lat' dir='ltr'><strong>oppositionibus</strong></span> <span class='ocrx_word' id='word_1_24' title='bbox 2845 880 3006 953; x_wconf 88' lang='lat' dir='ltr'><strong>falsi</strong></span> 
     </span>
     <span class='ocr_line' id='line_1_5' title="bbox 896 994 3010 1102; baseline -0 -26"><span class='ocrx_word' id='word_1_25' title='bbox 896 1004 1201 1076; x_wconf 88' lang='lat' dir='ltr'><strong>nominis</strong></span> <span class='ocrx_word' id='word_1_26' title='bbox 1252 1002 1582 1075; x_wconf 79' lang='lat' dir='ltr'><strong>scientiae</strong></span> <span class='ocrx_word' id='word_1_27' title='bbox 1629 994 1736 1102; x_wconf 89' lang='grc'><strong>(3)</strong></span> <span class='ocrx_word' id='word_1_28' title='bbox 1808 998 2184 1076; x_wconf 83' lang='lat' dir='ltr'><strong>Nobiscum</strong></span> <span class='ocrx_word' id='word_1_29' title='bbox 2237 997 2504 1095; x_wconf 82' lang='lat' dir='ltr'><strong>Spiritu</strong></span> <span class='ocrx_word' id='word_1_30' title='bbox 2565 996 2824 1073; x_wconf 91' lang='lat' dir='ltr'><strong>Sancto</strong></span> <span class='ocrx_word' id='word_1_31' title='bbox 2878 1001 3010 1075; x_wconf 89' lang='lat' dir='ltr'><strong>du-</strong></span> 
     </span>
     <span class='ocr_line' id='line_1_6' title="bbox 897 1114 1623 1222; baseline -0.006 -26"><span class='ocrx_word' id='word_1_32' title='bbox 897 1144 977 1196; x_wconf 91' lang='lat' dir='ltr'><strong>ce</strong></span> <span class='ocrx_word' id='word_1_33' title='bbox 1032 1122 1354 1196; x_wconf 87' lang='lat' dir='ltr'><strong>iudicetis</strong></span> <span class='ocrx_word' id='word_1_34' title='bbox 1408 1114 1540 1222; x_wconf 72' lang='grc'><strong>(4).</strong></span> <span class='ocrx_word' id='word_1_35' title='bbox 1614 1114 1623 1121; x_wconf 81' lang='grc'><strong>’</strong></span> 
     </span>
    </p>

    <p class='ocr_par' dir='ltr' id='par_1_3' title="bbox 892 1238 3016 1945">
     <span class='ocr_line' id='line_1_7' title="bbox 1108 1238 3009 1339; baseline 0 -25"><span class='ocrx_word' id='word_1_36' title='bbox 1108 1238 1183 1314; x_wconf 89' lang='lat' dir='ltr'><strong>Si</strong></span> <span class='ocrx_word' id='word_1_37' title='bbox 1237 1242 1429 1316; x_wconf 88' lang='lat' dir='ltr'><strong>enim</strong></span> <span class='ocrx_word' id='word_1_38' title='bbox 1485 1264 1794 1339; x_wconf 89' lang='lat' dir='ltr'><strong>unquam</strong></span> <span class='ocrx_word' id='word_1_39' title='bbox 1847 1244 2045 1328; x_wconf 89' lang='lat' dir='ltr'><strong>alias,</strong></span> <span class='ocrx_word' id='word_1_40' title='bbox 2099 1243 2232 1316; x_wconf 88' lang='lat' dir='ltr'><strong>hoc</strong></span> <span class='ocrx_word' id='word_1_41' title='bbox 2285 1242 2590 1315; x_wconf 77' lang='lat' dir='ltr'><strong>maxime</strong></span> <span class='ocrx_word' id='word_1_42' title='bbox 2648 1252 2953 1335; x_wconf 87' lang='lat' dir='ltr'><strong>tempore</strong></span> <span class='ocrx_word' id='word_1_43' title='bbox 2985 1290 3009 1327; x_wconf 92' lang='lat'><strong>,</strong></span> 
     </span>
     <span class='ocr_line' id='line_1_8' title="bbox 895 1362 3016 1459; baseline 0 -22"><span class='ocrx_word' id='word_1_44' title='bbox 895 1386 1035 1459; x_wconf 90' lang='lat' dir='ltr'><strong>quo</strong></span> <span class='ocrx_word' id='word_1_45' title='bbox 1073 1384 1239 1437; x_wconf 87' lang='lat' dir='ltr'><strong>vere</strong></span> <span class='ocrx_word' id='word_1_46' title='bbox 1293 1365 1469 1438; x_wconf 84' lang='lat' dir='ltr'><strong>luxit</strong></span> <span class='ocrx_word' id='word_1_47' title='bbox 1506 1375 1577 1435; x_wconf 88' lang='lat' dir='ltr'><strong>et</strong></span> <span class='ocrx_word' id='word_1_48' title='bbox 1616 1364 1912 1437; x_wconf 84' lang='lat' dir='ltr'><strong>defluxit</strong></span> <span class='ocrx_word' id='word_1_49' title='bbox 1967 1376 2154 1437; x_wconf 87' lang='lat' dir='ltr'><strong>terra</strong></span> <span class='ocrx_word' id='word_1_50' title='bbox 2205 1364 2469 1437; x_wconf 88' lang='lat' dir='ltr'><strong>infecta</strong></span> <span class='ocrx_word' id='word_1_51' title='bbox 2523 1362 2614 1435; x_wconf 89' lang='lat' dir='ltr'><strong>ab</strong></span> <span class='ocrx_word' id='word_1_52' title='bbox 2664 1362 3016 1437; x_wconf 83' lang='lat' dir='ltr'><strong>habitato-</strong></span> 
     </span>
     <span class='ocr_line' id='line_1_9' title="bbox 894 1477 3010 1584; baseline -0 -29"><span class='ocrx_word' id='word_1_53' title='bbox 894 1485 1090 1559; x_wconf 85' lang='lat' dir='ltr'><strong>ribus</strong></span> <span class='ocrx_word' id='word_1_54' title='bbox 1144 1485 1294 1560; x_wconf 89' lang='lat' dir='ltr'><strong>suis</strong></span> <span class='ocrx_word' id='word_1_55' title='bbox 1349 1477 1454 1584; x_wconf 90' lang='lat'><strong>(5)</strong></span> <span class='ocrx_word' id='word_1_56' title='bbox 1489 1533 1510 1569; x_wconf 98' lang='lat'><strong>,</strong></span> <span class='ocrx_word' id='word_1_57' title='bbox 1566 1485 1852 1556; x_wconf 87' lang='lat' dir='ltr'><strong>divinae</strong></span> <span class='ocrx_word' id='word_1_58' title='bbox 1909 1486 2166 1577; x_wconf 78' lang='lat' dir='ltr'><strong>gloriae</strong></span> <span class='ocrx_word' id='word_1_59' title='bbox 2231 1488 2422 1558; x_wconf 84' lang='lat' dir='ltr'><strong>zelus</strong></span> <span class='ocrx_word' id='word_1_60' title='bbox 2447 1534 2470 1573; x_wconf 92' lang='lat'><strong>,</strong></span> <span class='ocrx_word' id='word_1_61' title='bbox 2525 1493 2598 1556; x_wconf 87' lang='lat' dir='ltr'><strong>et</strong></span> <span class='ocrx_word' id='word_1_62' title='bbox 2659 1478 3010 1573; x_wconf 85' lang='lat' dir='ltr'><strong>Dominici</strong></span> 
     </span>
     <span class='ocr_line' id='line_1_10' title="bbox 896 1600 3008 1700; baseline -0 -24"><span class='ocrx_word' id='word_1_63' title='bbox 896 1605 1122 1700; x_wconf 79' lang='lat' dir='ltr'><strong>gregis</strong></span> <span class='ocrx_word' id='word_1_64' title='bbox 1176 1606 1361 1679; x_wconf 86' lang='lat' dir='ltr'><strong>salus</strong></span> <span class='ocrx_word' id='word_1_65' title='bbox 1418 1627 1459 1677; x_wconf 99' lang='lat' dir='ltr'><strong>a</strong></span> <span class='ocrx_word' id='word_1_66' title='bbox 1510 1601 1727 1678; x_wconf 87' lang='lat' dir='ltr'><strong>Nobis</strong></span> <span class='ocrx_word' id='word_1_67' title='bbox 1773 1608 2116 1698; x_wconf 90' lang='lat' dir='ltr'><strong>postulat,</strong></span> <span class='ocrx_word' id='word_1_68' title='bbox 2155 1619 2238 1682; x_wconf 93' lang='lat' dir='ltr'><strong>ut</strong></span> <span class='ocrx_word' id='word_1_69' title='bbox 2271 1605 2794 1681; x_wconf 78' lang='lat' dir='ltr'><strong>circumdemus</strong></span> <span class='ocrx_word' id='word_1_70' title='bbox 2833 1600 3008 1677; x_wconf 88' lang='lat' dir='ltr'><strong>Sion</strong></span> 
     </span>
     <span class='ocr_line' id='line_1_11' title="bbox 892 1722 3005 1819; baseline 0 -22"><span class='ocrx_word' id='word_1_71' title='bbox 892 1738 963 1797; x_wconf 90' lang='lat' dir='ltr'><strong>et</strong></span> <span class='ocrx_word' id='word_1_72' title='bbox 1017 1729 1559 1819; x_wconf 80' lang='lat' dir='ltr'><strong>complectamur</strong></span> <span class='ocrx_word' id='word_1_73' title='bbox 1610 1745 1770 1797; x_wconf 90' lang='lat' dir='ltr'><strong>eam</strong></span> <span class='ocrx_word' id='word_1_74' title='bbox 1800 1774 1826 1812; x_wconf 89' lang='lat'>‚</span> <span class='ocrx_word' id='word_1_75' title='bbox 1882 1747 2244 1801; x_wconf 83' lang='lat' dir='ltr'><strong>narremus</strong></span> <span class='ocrx_word' id='word_1_76' title='bbox 2299 1726 2374 1799; x_wconf 90' lang='lat' dir='ltr'><strong>in</strong></span> <span class='ocrx_word' id='word_1_77' title='bbox 2430 1725 2742 1802; x_wconf 85' lang='lat' dir='ltr'><strong>turribus</strong></span> <span class='ocrx_word' id='word_1_78' title='bbox 2797 1722 2946 1797; x_wconf 85' lang='lat' dir='ltr'><strong>eius</strong></span> <span class='ocrx_word' id='word_1_79' title='bbox 2981 1772 3005 1809; x_wconf 89' lang='lat'><strong>‚</strong></span> 
     </span>
     <span class='ocr_line' id='line_1_12' title="bbox 894 1838 2789 1945; baseline -0.002 -24"><span class='ocrx_word' id='word_1_80' title='bbox 894 1861 969 1921; x_wconf 86' lang='lat' dir='ltr'><strong>et</strong></span> <span class='ocrx_word' id='word_1_81' title='bbox 1021 1869 1365 1941; x_wconf 88' lang='lat' dir='ltr'><strong>ponamus</strong></span> <span class='ocrx_word' id='word_1_82' title='bbox 1418 1848 1627 1921; x_wconf 86' lang='lat' dir='ltr'><strong>corda</strong></span> <span class='ocrx_word' id='word_1_83' title='bbox 1682 1843 1930 1920; x_wconf 88' lang='lat' dir='ltr'><strong>Nostra</strong></span> <span class='ocrx_word' id='word_1_84' title='bbox 1983 1847 2060 1919; x_wconf 91' lang='lat' dir='ltr'><strong>in</strong></span> <span class='ocrx_word' id='word_1_85' title='bbox 2113 1847 2382 1921; x_wconf 87' lang='lat' dir='ltr'><strong>virtute</strong></span> <span class='ocrx_word' id='word_1_86' title='bbox 2436 1847 2584 1919; x_wconf 88' lang='lat' dir='ltr'><strong>eius</strong></span> <span class='ocrx_word' id='word_1_87' title='bbox 2639 1838 2789 1945; x_wconf 83' lang='lat'><strong>(6).</strong></span> 
     </span>
    </p>

    <p class='ocr_par' dir='ltr' id='par_1_4' title="bbox 894 1962 3018 3525">
     <span class='ocr_line' id='line_1_13' title="bbox 1107 1962 3012 2060; baseline 0.001 -20"><span class='ocrx_word' id='word_1_88' title='bbox 1107 1963 1378 2041; x_wconf 87' lang='lat' dir='ltr'><strong>Videtis</strong></span> <span class='ocrx_word' id='word_1_89' title='bbox 1430 1968 1649 2052; x_wconf 89' lang='lat' dir='ltr'><strong>enim,</strong></span> <span class='ocrx_word' id='word_1_90' title='bbox 1711 1962 2152 2040; x_wconf 75' lang='lat' dir='ltr'><strong>venerabiles</strong></span> <span class='ocrx_word' id='word_1_91' title='bbox 2207 1964 2514 2054; x_wconf 78' lang='lat' dir='ltr'><strong>Fratres,</strong></span> <span class='ocrx_word' id='word_1_92' title='bbox 2567 1976 2826 2060; x_wconf 88' lang='lat' dir='ltr'><strong>quanto</strong></span> <span class='ocrx_word' id='word_1_93' title='bbox 2879 1967 3012 2041; x_wconf 86' lang='lat' dir='ltr'><strong>im-</strong></span> 
     </span>
     <span class='ocr_line' id='line_1_14' title="bbox 896 2084 3010 2184; baseline -0.002 -22"><span class='ocrx_word' id='word_1_94' title='bbox 896 2100 1067 2183; x_wconf 88' lang='lat' dir='ltr'><strong>petu</strong></span> <span class='ocrx_word' id='word_1_95' title='bbox 1124 2090 1446 2184; x_wconf 90' lang='lat' dir='ltr'><strong>antiquus</strong></span> <span class='ocrx_word' id='word_1_96' title='bbox 1497 2090 1784 2163; x_wconf 90' lang='lat' dir='ltr'><strong>humani</strong></span> <span class='ocrx_word' id='word_1_97' title='bbox 1843 2088 2115 2179; x_wconf 80' lang='lat' dir='ltr'><strong>generis</strong></span> <span class='ocrx_word' id='word_1_98' title='bbox 2174 2088 2400 2161; x_wconf 87' lang='lat' dir='ltr'><strong>hostis</strong></span> <span class='ocrx_word' id='word_1_99' title='bbox 2457 2084 2760 2161; x_wconf 89' lang='lat' dir='ltr'><strong>Domum</strong></span> <span class='ocrx_word' id='word_1_100' title='bbox 2814 2084 3010 2170; x_wconf 88' lang='lat' dir='ltr'><strong>Dei,</strong></span> 
     </span>
     <span class='ocr_line' id='line_1_15' title="bbox 894 2211 3011 2305; baseline -0 -23"><span class='ocrx_word' id='word_1_101' title='bbox 894 2232 1110 2305; x_wconf 89' lang='lat' dir='ltr'><strong>quam</strong></span> <span class='ocrx_word' id='word_1_102' title='bbox 1164 2212 1365 2283; x_wconf 87' lang='lat' dir='ltr'><strong>decet</strong></span> <span class='ocrx_word' id='word_1_103' title='bbox 1418 2211 1862 2297; x_wconf 84' lang='lat' dir='ltr'><strong>sanctitudo,</strong></span> <span class='ocrx_word' id='word_1_104' title='bbox 1917 2229 2280 2304; x_wconf 78' lang='lat' dir='ltr'><strong>aggressus</strong></span> <span class='ocrx_word' id='word_1_105' title='bbox 2337 2211 2432 2281; x_wconf 86' lang='lat' dir='ltr'><strong>sit</strong></span> <span class='ocrx_word' id='word_1_106' title='bbox 2485 2219 2559 2281; x_wconf 91' lang='lat' dir='ltr'><strong>et</strong></span> <span class='ocrx_word' id='word_1_107' title='bbox 2613 2229 2838 2303; x_wconf 84' lang='lat' dir='ltr'><strong>usque</strong></span> <span class='ocrx_word' id='word_1_108' title='bbox 2893 2231 3011 2303; x_wconf 80' lang='lat' dir='ltr'><strong>ag-</strong></span> 
     </span>
     <span class='ocr_line' id='line_1_16' title="bbox 894 2326 3012 2425; baseline 0 -25"><span class='ocrx_word' id='word_1_109' title='bbox 894 2330 1271 2423; x_wconf 77' lang='lat' dir='ltr'><strong>grediatur.</strong></span> <span class='ocrx_word' id='word_1_110' title='bbox 1330 2326 1436 2402; x_wconf 94' lang='lat' dir='ltr'><strong>Eo</strong></span> <span class='ocrx_word' id='word_1_111' title='bbox 1490 2340 1774 2402; x_wconf 87' lang='lat' dir='ltr'><strong>auctore</strong></span> <span class='ocrx_word' id='word_1_112' title='bbox 1821 2330 2104 2405; x_wconf 81' lang='lat' dir='ltr'><strong>funesta</strong></span> <span class='ocrx_word' id='word_1_113' title='bbox 2157 2330 2278 2402; x_wconf 88' lang='lat' dir='ltr'><strong>illa</strong></span> <span class='ocrx_word' id='word_1_114' title='bbox 2331 2329 2710 2425; x_wconf 88' lang='lat' dir='ltr'><strong>impiorum</strong></span> <span class='ocrx_word' id='word_1_115' title='bbox 2759 2330 3012 2403; x_wconf 90' lang='lat' dir='ltr'><strong>coniu-</strong></span> 
     </span>
     <span class='ocr_line' id='line_1_17' title="bbox 897 2449 3012 2547; baseline 0.001 -26"><span class='ocrx_word' id='word_1_116' title='bbox 897 2452 1077 2524; x_wconf 88' lang='lat' dir='ltr'><strong>ratio</strong></span> <span class='ocrx_word' id='word_1_117' title='bbox 1129 2452 1271 2525; x_wconf 90' lang='lat' dir='ltr'><strong>late</strong></span> <span class='ocrx_word' id='word_1_118' title='bbox 1324 2462 1708 2544; x_wconf 79' lang='lat' dir='ltr'><strong>grassatur,</strong></span> <span class='ocrx_word' id='word_1_119' title='bbox 1766 2470 1944 2544; x_wconf 85' lang='lat' dir='ltr'><strong>quae</strong></span> <span class='ocrx_word' id='word_1_120' title='bbox 1997 2450 2494 2524; x_wconf 89' lang='lat' dir='ltr'><strong>coniunctione</strong></span> <span class='ocrx_word' id='word_1_121' title='bbox 2547 2449 2746 2523; x_wconf 79' lang='lat' dir='ltr'><strong>fortis</strong></span> <span class='ocrx_word' id='word_1_122' title='bbox 2777 2498 2798 2535; x_wconf 88' lang='lat'><strong>,</strong></span> <span class='ocrx_word' id='word_1_123' title='bbox 2858 2450 3012 2547; x_wconf 89' lang='lat' dir='ltr'><strong>opi·</strong></span> 
     </span>
     <span class='ocr_line' id='line_1_18' title="bbox 897 2572 3010 2672; baseline 0 -22"><span class='ocrx_word' id='word_1_124' title='bbox 897 2576 1027 2650; x_wconf 82' lang='lat' dir='ltr'><strong>bus‘</strong></span> <span class='ocrx_word' id='word_1_125' title='bbox 1080 2588 1327 2672; x_wconf 89' lang='lat' dir='ltr'><strong>potens</strong></span> <span class='ocrx_word' id='word_1_126' title='bbox 1360 2624 1381 2660; x_wconf 91' lang='lat'>‚</span> <span class='ocrx_word' id='word_1_127' title='bbox 1438 2576 1714 2652; x_wconf 89' lang='lat' dir='ltr'><strong>munita</strong></span> <span class='ocrx_word' id='word_1_128' title='bbox 1773 2574 2112 2648; x_wconf 87' lang='lat' dir='ltr'><strong>institutis</strong></span> <span class='ocrx_word' id='word_1_129' title='bbox 2144 2623 2165 2660; x_wconf 98' lang='lat'><strong>,</strong></span> <span class='ocrx_word' id='word_1_130' title='bbox 2219 2588 2294 2650; x_wconf 87' lang='lat' dir='ltr'><strong>et</strong></span> <span class='ocrx_word' id='word_1_131' title='bbox 2359 2575 2684 2649; x_wconf 78' lang='lat' dir='ltr'><strong>velamen</strong></span> <span class='ocrx_word' id='word_1_132' title='bbox 2749 2572 3010 2650; x_wconf 84' lang='lat' dir='ltr'><strong>babens</strong></span> 
     </span>
     <span class='ocr_line' id='line_1_19' title="bbox 896 2687 3010 2794; baseline -0.003 -20"><span class='ocrx_word' id='word_1_133' title='bbox 896 2701 1203 2777; x_wconf 86' lang='lat' dir='ltr'><strong>malitiae</strong></span> <span class='ocrx_word' id='word_1_134' title='bbox 1240 2699 1633 2771; x_wconf 89' lang='lat' dir='ltr'><strong>libertatem</strong></span> <span class='ocrx_word' id='word_1_135' title='bbox 1671 2687 1807 2794; x_wconf 84' lang='lat'><strong>(7),</strong></span> <span class='ocrx_word' id='word_1_136' title='bbox 1849 2698 2263 2770; x_wconf 82' lang='lat' dir='ltr'><strong>acerrimum</strong></span> <span class='ocrx_word' id='word_1_137' title='bbox 2301 2695 2640 2770; x_wconf 82' lang='lat' dir='ltr'><strong>adversus</strong></span> <span class='ocrx_word' id='word_1_138' title='bbox 2673 2691 3010 2768; x_wconf 83' lang='lat' dir='ltr'><strong>Sanctam</strong></span> 
     </span>
     <span class='ocr_line' id='line_1_20' title="bbox 896 2814 3010 2902; baseline -0.005 -4"><span class='ocrx_word' id='word_1_139' title='bbox 896 2814 1158 2898; x_wconf 85' lang='lat' dir='ltr'><strong>Christi</strong></span> <span class='ocrx_word' id='word_1_140' title='bbox 1212 2817 1600 2893; x_wconf 85' lang='lat' dir='ltr'><strong>Ecclesiam</strong></span> <span class='ocrx_word' id='word_1_141' title='bbox 1655 2817 1914 2892; x_wconf 87' lang='lat' dir='ltr'><strong>bellum</strong></span> <span class='ocrx_word' id='word_1_142' title='bbox 1939 2865 1960 2902; x_wconf 90' lang='lat'><strong><em>‚</em></strong></span> <span class='ocrx_word' id='word_1_143' title='bbox 2041 2819 2236 2890; x_wconf 89' lang='lat' dir='ltr'><strong>omni</strong></span> <span class='ocrx_word' id='word_1_144' title='bbox 2317 2819 2578 2889; x_wconf 84' lang='lat' dir='ltr'><strong>scelere</strong></span> <span class='ocrx_word' id='word_1_145' title='bbox 2659 2817 3010 2892; x_wconf 85' lang='lat' dir='ltr'><strong>imbutum</strong></span> 
     </span>
     <span class='ocr_line' id='line_1_21' title="bbox 900 2930 3018 3035; baseline -0.003 -19"><span class='ocrx_word' id='word_1_146' title='bbox 900 2961 1147 3035; x_wconf 75' lang='lat' dir='ltr'><strong>urgere</strong></span> <span class='ocrx_word' id='word_1_147' title='bbox 1178 2961 1319 3013; x_wconf 90' lang='lat' dir='ltr'><strong>non</strong></span> <span class='ocrx_word' id='word_1_148' title='bbox 1350 2937 1636 3013; x_wconf 84' lang='lat' dir='ltr'><strong>desinit.</strong></span> <span class='ocrx_word' id='word_1_149' title='bbox 1671 2930 1902 3010; x_wconf 84' lang='lat' dir='ltr'><strong>Huius</strong></span> <span class='ocrx_word' id='word_1_150' title='bbox 1937 2938 2102 3010; x_wconf 89' lang='lat' dir='ltr'><strong>belli</strong></span> <span class='ocrx_word' id='word_1_151' title='bbox 2129 2955 2385 3032; x_wconf 78' lang='lat' dir='ltr'><strong>genus,</strong></span> <span class='ocrx_word' id='word_1_152' title='bbox 2413 2936 2584 3023; x_wconf 77' lang='lat' dir='ltr'><strong>vim,</strong></span> <span class='ocrx_word' id='word_1_153' title='bbox 2613 2956 2825 3023; x_wconf 83' lang='lat' dir='ltr'><strong>arma,</strong></span> <span class='ocrx_word' id='word_1_154' title='bbox 2853 2959 3018 3029; x_wconf 85' lang='lat' dir='ltr'><strong>pro-</strong></span> 
     </span>
     <span class='ocr_line' id='line_1_22' title="bbox 900 3051 3018 3157; baseline -0.004 -21"><span class='ocrx_word' id='word_1_155' title='bbox 900 3083 1198 3157; x_wconf 79' lang='lat' dir='ltr'><strong>gressuS,</strong></span> <span class='ocrx_word' id='word_1_156' title='bbox 1229 3059 1515 3135; x_wconf 89' lang='lat' dir='ltr'><strong>consilia</strong></span> <span class='ocrx_word' id='word_1_157' title='bbox 1571 3078 1712 3131; x_wconf 92' lang='lat' dir='ltr'><strong>non</strong></span> <span class='ocrx_word' id='word_1_158' title='bbox 1767 3058 2128 3151; x_wconf 80' lang='lat' dir='ltr'><strong>ignoratis.</strong></span> <span class='ocrx_word' id='word_1_159' title='bbox 2165 3053 2505 3128; x_wconf 75' lang='lat' dir='ltr'><strong>Versatur</strong></span> <span class='ocrx_word' id='word_1_160' title='bbox 2540 3051 2756 3130; x_wconf 80' lang='lat' dir='ltr'><strong>Vobis</strong></span> <span class='ocrx_word' id='word_1_161' title='bbox 2781 3057 3018 3129; x_wconf 90' lang='lat' dir='ltr'><strong>conti-</strong></span> 
     </span>
     <span class='ocr_line' id='line_1_23' title="bbox 896 3175 3014 3271; baseline -0.004 -11"><span class='ocrx_word' id='word_1_162' title='bbox 896 3195 1149 3260; x_wconf 85' lang='lat' dir='ltr'><strong>nenter</strong></span> <span class='ocrx_word' id='word_1_163' title='bbox 1202 3193 1366 3257; x_wconf 87' lang='lat' dir='ltr'><strong>ante</strong></span> <span class='ocrx_word' id='word_1_164' title='bbox 1422 3182 1663 3255; x_wconf 89' lang='lat' dir='ltr'><strong>oculos</strong></span> <span class='ocrx_word' id='word_1_165' title='bbox 1745 3199 2078 3253; x_wconf 85' lang='lat' dir='ltr'><strong>sanarum</strong></span> <span class='ocrx_word' id='word_1_166' title='bbox 2147 3177 2624 3250; x_wconf 83' lang='lat' dir='ltr'><strong>doctrinarum</strong></span> <span class='ocrx_word' id='word_1_167' title='bbox 2654 3227 2675 3263; x_wconf 92' lang='lat'><strong>,</strong></span> <span class='ocrx_word' id='word_1_168' title='bbox 2757 3175 3014 3271; x_wconf 81' lang='lat' dir='ltr'><strong>quibus</strong></span> 
     </span>
     <span class='ocr_line' id='line_1_24' title="bbox 895 3297 3010 3393; baseline -0.005 -13"><span class='ocrx_word' id='word_1_169' title='bbox 895 3308 1241 3384; x_wconf 87' lang='lat' dir='ltr'><strong>humanae</strong></span> <span class='ocrx_word' id='word_1_170' title='bbox 1294 3321 1407 3375; x_wconf 89' lang='lat' dir='ltr'><strong>res</strong></span> <span class='ocrx_word' id='word_1_171' title='bbox 1446 3301 1518 3374; x_wconf 92' lang='lat' dir='ltr'><strong>in</strong></span> <span class='ocrx_word' id='word_1_172' title='bbox 1554 3299 1702 3373; x_wconf 90' lang='lat' dir='ltr'><strong>suis</strong></span> <span class='ocrx_word' id='word_1_173' title='bbox 1757 3301 2075 3393; x_wconf 74' lang='lat' dir='ltr'><strong>quaeque</strong></span> <span class='ocrx_word' id='word_1_174' title='bbox 2126 3298 2492 3372; x_wconf 88' lang='lat' dir='ltr'><strong>ordinibus</strong></span> <span class='ocrx_word' id='word_1_175' title='bbox 2573 3297 3010 3383; x_wconf 85' lang='lat' dir='ltr'><strong>innituntur,</strong></span> 
     </span>
     <span class='ocr_line' id='line_1_25' title="bbox 896 3419 3018 3525; baseline -0.006 -22"><span class='ocrx_word' id='word_1_176' title='bbox 896 3425 1331 3525; x_wconf 86' lang='lat' dir='ltr'><strong>perturbatio</strong></span> <span class='ocrx_word' id='word_1_177' title='bbox 1366 3434 1439 3496; x_wconf 89' lang='lat' dir='ltr'><strong>et</strong></span> <span class='ocrx_word' id='word_1_178' title='bbox 1474 3423 1820 3506; x_wconf 79' lang='lat' dir='ltr'><strong>contusio,</strong></span> <span class='ocrx_word' id='word_1_179' title='bbox 1859 3420 2181 3495; x_wconf 87' lang='lat' dir='ltr'><strong>luctuosa</strong></span> <span class='ocrx_word' id='word_1_180' title='bbox 2235 3419 2408 3494; x_wconf 85' lang='lat' dir='ltr'><strong>iuris</strong></span> <span class='ocrx_word' id='word_1_181' title='bbox 2457 3419 2804 3513; x_wconf 86' lang='lat' dir='ltr'><strong>cuiusque</strong></span> <span class='ocrx_word' id='word_1_182' title='bbox 2852 3437 3018 3512; x_wconf 89' lang='lat' dir='ltr'><strong>per-</strong></span> 
     </span>
    </p>
   </div>
   <div class='ocr_carea' id='block_1_3' title="bbox 1056 3827 1888 4484">
    <p class='ocr_par' dir='ltr' id='par_1_5' title="bbox 1060 3827 1593 3919">
     <span class='ocr_line' id='line_1_26' title="bbox 1060 3827 1593 3919; baseline -0.006 -19"><span class='ocrx_word' id='word_1_183' title='bbox 1060 3831 1140 3919; x_wconf 86' lang='lat'><strong>(1)</strong></span> <span class='ocrx_word' id='word_1_184' title='bbox 1182 3829 1386 3917; x_wconf 81' lang='lat' dir='ltr'><strong>Apoc.</strong></span> <span class='ocrx_word' id='word_1_185' title='bbox 1427 3828 1491 3914; x_wconf 93' lang='lat'><strong>1,</strong></span> <span class='ocrx_word' id='word_1_186' title='bbox 1530 3827 1593 3898; x_wconf 85' lang='lat'><strong>2.</strong></span> 
     </span>
    </p>

    <p class='ocr_par' dir='ltr' id='par_1_6' title="bbox 1060 3923 1710 4012">
     <span class='ocr_line' id='line_1_27' title="bbox 1060 3923 1710 4012; baseline -0.011 -16"><span class='ocrx_word' id='word_1_187' title='bbox 1060 3929 1141 4012; x_wconf 89' lang='grc'><strong>(2)</strong></span> <span class='ocrx_word' id='word_1_188' title='bbox 1184 3927 1417 3994; x_wconf 85' lang='lat' dir='ltr'><strong>Mattb.</strong></span> <span class='ocrx_word' id='word_1_189' title='bbox 1462 3925 1566 4008; x_wconf 91' lang='grc'><strong>22,</strong></span> <span class='ocrx_word' id='word_1_190' title='bbox 1606 3923 1710 3992; x_wconf 84' lang='grc'><strong>16.</strong></span> 
     </span>
    </p>

    <p class='ocr_par' dir='ltr' id='par_1_7' title="bbox 1056 4017 1665 4104">
     <span class='ocr_line' id='line_1_28' title="bbox 1056 4017 1665 4104; baseline -0.008 -16"><span class='ocrx_word' id='word_1_191' title='bbox 1056 4020 1143 4104; x_wconf 85' lang='grc'><strong>(3)</strong></span> <span class='ocrx_word' id='word_1_192' title='bbox 1184 4023 1209 4085; x_wconf 88' lang='lat'>1</span> <span class='ocrx_word' id='word_1_193' title='bbox 1250 4020 1413 4084; x_wconf 87' lang='lat' dir='ltr'><strong>Tim.</strong></span> <span class='ocrx_word' id='word_1_194' title='bbox 1456 4018 1523 4100; x_wconf 80' lang='lat'><strong>6,</strong></span> <span class='ocrx_word' id='word_1_195' title='bbox 1562 4017 1665 4086; x_wconf 57' lang='grc' dir='ltr'><strong>Ἠ).</strong></span> 
     </span>
    </p>

    <p class='ocr_par' dir='ltr' id='par_1_8' title="bbox 1060 4109 1888 4292">
     <span class='ocr_line' id='line_1_29' title="bbox 1060 4109 1888 4198; baseline -0.008 -16"><span class='ocrx_word' id='word_1_196' title='bbox 1060 4113 1142 4198; x_wconf 80' lang='grc'><strong>(4)</strong></span> <span class='ocrx_word' id='word_1_197' title='bbox 1180 4113 1329 4178; x_wconf 80' lang='lat' dir='ltr'><strong>Act.</strong></span> <span class='ocrx_word' id='word_1_198' title='bbox 1372 4113 1599 4198; x_wconf 63' lang='lat' dir='ltr'><strong>apost.</strong></span> <span class='ocrx_word' id='word_1_199' title='bbox 1643 4111 1748 4194; x_wconf 76' lang='lat'><strong>15,</strong></span> <span class='ocrx_word' id='word_1_200' title='bbox 1788 4109 1888 4180; x_wconf 79' lang='lat'><strong>19.</strong></span> 
     </span>
     <span class='ocr_line' id='line_1_30' title="bbox 1060 4205 1686 4292; baseline -0.006 -18"><span class='ocrx_word' id='word_1_201' title='bbox 1060 4207 1145 4292; x_wconf 88' lang='grc'><strong>(5)</strong></span> <span class='ocrx_word' id='word_1_202' title='bbox 1184 4207 1331 4274; x_wconf 83' lang='lat' dir='ltr'><strong>lsai.</strong></span> <span class='ocrx_word' id='word_1_203' title='bbox 1374 4205 1477 4288; x_wconf 70' lang='lat'><strong>24,</strong></span> <span class='ocrx_word' id='word_1_204' title='bbox 1520 4207 1579 4276; x_wconf 75' lang='lat'><strong>4.</strong></span> <span class='ocrx_word' id='word_1_205' title='bbox 1624 4206 1686 4275; x_wconf 84' lang='lat'><strong>5.</strong></span> 
     </span>
    </p>

    <p class='ocr_par' dir='ltr' id='par_1_9' title="bbox 1060 4296 1856 4484">
     <span class='ocr_line' id='line_1_31' title="bbox 1060 4296 1856 4386; baseline -0.003 -17"><span class='ocrx_word' id='word_1_206' title='bbox 1060 4299 1145 4386; x_wconf 89' lang='grc'><strong>(6)</strong></span> <span class='ocrx_word' id='word_1_207' title='bbox 1186 4301 1427 4368; x_wconf 82' lang='lat' dir='ltr'><strong>Psalm.</strong></span> <span class='ocrx_word' id='word_1_208' title='bbox 1470 4299 1573 4384; x_wconf 70' lang='lat'><strong>⁴7,</strong></span> <span class='ocrx_word' id='word_1_209' title='bbox 1613 4299 1714 4368; x_wconf 90' lang='lat'><strong>11.</strong></span> <span class='ocrx_word' id='word_1_210' title='bbox 1757 4296 1856 4370; x_wconf 87' lang='grc'><strong>12.</strong></span> 
     </span>
     <span class='ocr_line' id='line_1_32' title="bbox 1062 4390 1684 4484; baseline 0.002 -24"><span class='ocrx_word' id='word_1_211' title='bbox 1062 4393 1147 4484; x_wconf 81' lang='grc'><strong>(7)</strong></span> <span class='ocrx_word' id='word_1_212' title='bbox 1188 4393 1218 4462; x_wconf 94' lang='lat'>1</span> <span class='ocrx_word' id='word_1_213' title='bbox 1258 4393 1433 4464; x_wconf 82' lang='lat' dir='ltr'><strong>Petr.</strong></span> <span class='ocrx_word' id='word_1_214' title='bbox 1474 4393 1541 4480; x_wconf 89' lang='grc'><strong>2,</strong></span> <span class='ocrx_word' id='word_1_215' title='bbox 1582 4390 1684 4468; x_wconf 84' lang='grc'><strong>16.</strong></span> 
     </span>
    </p>
   </div>
  </div>
 </body>
</html>
