<?xml version="1.0" encoding="UTF-8"?>
<!DOCTYPE html PUBLIC "-//W3C//DTD XHTML 1.0 Transitional//EN"
    "http://www.w3.org/TR/xhtml1/DTD/xhtml1-transitional.dtd">
<html xmlns="http://www.w3.org/1999/xhtml" xml:lang="en" lang="en">
 <head>
  <title>
</title>
<meta http-equiv="Content-Type" content="text/html;charset=utf-8" />
  <meta name='ocr-system' content='tesseract 3.04.00' />
  <meta name='ocr-capabilities' content='ocr_page ocr_carea ocr_par ocr_line ocrx_word'/>
</head>
<body>
  <div class='ocr_page' id='page_1' title='image "./piiixpontificis01ixgoog_0386.png"; bbox 0 0 3292 5275; ppageno 0'>
   <div class='ocr_carea' id='block_1_1' title="bbox 814 478 973 564">
    <p class='ocr_par' dir='ltr' id='par_1_1' title="bbox 814 478 973 564">
     <span class='ocr_line' id='line_1_1' title="bbox 814 478 973 564; baseline -0.019 1"><span class='ocrx_word' id='word_1_1' title='bbox 814 478 973 564; x_wconf 81' lang='lat'><strong>390</strong></span> 
     </span>
    </p>
   </div>
   <div class='ocr_carea' id='block_1_2' title="bbox 812 611 2933 1728">
    <p class='ocr_par' dir='ltr' id='par_1_2' title="bbox 812 611 2933 1728">
     <span class='ocr_line' id='line_1_2' title="bbox 812 611 2774 698; baseline 0.002 -20"><span class='ocrx_word' id='word_1_2' title='bbox 812 611 1481 698; x_wconf 77' lang='lat' dir='ltr'><strong>Epistola-Encyclica</strong></span> <span class='ocrx_word' id='word_1_3' title='bbox 1510 649 1541 664; x_wconf 90' lang='lat'><strong>··</strong></span> <span class='ocrx_word' id='word_1_4' title='bbox 1576 617 1699 683; x_wconf 77' lang='lat' dir='ltr'><strong>Ubi</strong></span> <span class='ocrx_word' id='word_1_5' title='bbox 1727 617 1854 684; x_wconf 83' lang='lat' dir='ltr'><strong>Nos</strong></span> <span class='ocrx_word' id='word_1_6' title='bbox 1893 637 2136 682; x_wconf 81' lang='lat' dir='ltr'><strong>arcano</strong></span> <span class='ocrx_word' id='word_1_7' title='bbox 2177 616 2297 682; x_wconf 78' lang='lat' dir='ltr'><strong>Dei</strong></span> <span class='ocrx_word' id='word_1_8' title='bbox 2323 617 2586 682; x_wconf 77' lang='lat' dir='ltr'><strong>consilio</strong></span> <span class='ocrx_word' id='word_1_9' title='bbox 2612 653 2643 665; x_wconf 94' lang='lat'>-</span> <span class='ocrx_word' id='word_1_10' title='bbox 2671 618 2774 682; x_wconf 86' lang='lat' dir='ltr'><strong>die</strong></span> 
     </span>
     <span class='ocr_line' id='line_1_3' title="bbox 889 705 2782 794; baseline 0.001 -21"><span class='ocrx_word' id='word_1_11' title='bbox 889 705 969 773; x_wconf 84' lang='lat'><strong>15</strong></span> <span class='ocrx_word' id='word_1_12' title='bbox 1008 711 1159 774; x_wconf 85' lang='lat' dir='ltr'><strong>maii</strong></span> <span class='ocrx_word' id='word_1_13' title='bbox 1196 711 1279 774; x_wconf 90' lang='lat' dir='ltr'><strong>ad</strong></span> <span class='ocrx_word' id='word_1_14' title='bbox 1318 730 1539 776; x_wconf 89' lang='lat' dir='ltr'><strong>omnes</strong></span> <span class='ocrx_word' id='word_1_15' title='bbox 1581 711 2028 789; x_wconf 59' lang='lat' dir='ltr'><strong>Pati-inroitu,</strong></span> <span class='ocrx_word' id='word_1_16' title='bbox 2074 711 2415 789; x_wconf 76' lang='lat' dir='ltr'><strong>primates,</strong></span> <span class='ocrx_word' id='word_1_17' title='bbox 2445 713 2782 794; x_wconf 78' lang='lat' dir='ltr'><strong>Arcbiepi-</strong></span> 
     </span>
     <span class='ocr_line' id='line_1_4' title="bbox 892 802 2780 886; baseline 0.002 -22"><span class='ocrx_word' id='word_1_18' title='bbox 892 820 1145 883; x_wconf 85' lang='lat' dir='ltr'><strong>scopos‚</strong></span> <span class='ocrx_word' id='word_1_19' title='bbox 1176 802 1557 886; x_wconf 88' lang='lat' dir='ltr'><strong>Episcopos‚</strong></span> <span class='ocrx_word' id='word_1_20' title='bbox 1582 806 1877 886; x_wconf 87' lang='lat' dir='ltr'><strong>aliosque</strong></span> <span class='ocrx_word' id='word_1_21' title='bbox 1906 806 2204 868; x_wconf 88' lang='lat' dir='ltr'><strong>locorum</strong></span> <span class='ocrx_word' id='word_1_22' title='bbox 2231 804 2608 868; x_wconf 83' lang='lat' dir='ltr'><strong>Ordinarios</strong></span> <span class='ocrx_word' id='word_1_23' title='bbox 2630 823 2780 886; x_wconf 76' lang='lat' dir='ltr'><strong>gra-</strong></span> 
     </span>
     <span class='ocr_line' id='line_1_5' title="bbox 894 895 2784 980; baseline 0.002 -21"><span class='ocrx_word' id='word_1_24' title='bbox 894 897 1047 960; x_wconf 84' lang='lat' dir='ltr'><strong>tiam</strong></span> <span class='ocrx_word' id='word_1_25' title='bbox 1088 904 1157 962; x_wconf 88' lang='lat' dir='ltr'><strong>et</strong></span> <span class='ocrx_word' id='word_1_26' title='bbox 1197 901 1720 964; x_wconf 81' lang='lat' dir='ltr'><strong>communionem</strong></span> <span class='ocrx_word' id='word_1_27' title='bbox 1767 916 1915 961; x_wconf 89' lang='lat' dir='ltr'><strong>cum</strong></span> <span class='ocrx_word' id='word_1_28' title='bbox 1947 897 2322 980; x_wconf 78' lang='lat' dir='ltr'><strong>Apostolica</strong></span> <span class='ocrx_word' id='word_1_29' title='bbox 2351 895 2516 962; x_wconf 86' lang='lat' dir='ltr'><strong>Sede</strong></span> <span class='ocrx_word' id='word_1_30' title='bbox 2546 898 2784 962; x_wconf 87' lang='lat' dir='ltr'><strong>baben·-</strong></span> 
     </span>
     <span class='ocr_line' id='line_1_6' title="bbox 892 987 2782 1056; baseline 0.002 -4"><span class='ocrx_word' id='word_1_31' title='bbox 892 995 1009 1052; x_wconf 87' lang='lat' dir='ltr'><strong>tes.</strong></span> <span class='ocrx_word' id='word_1_32' title='bbox 1034 987 1165 1056; x_wconf 88' lang='lat' dir='ltr'><strong>Eos</strong></span> <span class='ocrx_word' id='word_1_33' title='bbox 1188 992 1421 1056; x_wconf 78' lang='lat' dir='ltr'><strong>edocet</strong></span> <span class='ocrx_word' id='word_1_34' title='bbox 1447 989 1782 1056; x_wconf 77' lang='lat' dir='ltr'><strong>Ecclesiae</strong></span> <span class='ocrx_word' id='word_1_35' title='bbox 1811 993 2212 1056; x_wconf 70' lang='lat' dir='ltr'><strong>calamitates</strong></span> <span class='ocrx_word' id='word_1_36' title='bbox 2231 991 2602 1056; x_wconf 71' lang='lat' dir='ltr'><strong>invasorum</strong></span> <span class='ocrx_word' id='word_1_37' title='bbox 2623 1009 2782 1056; x_wconf 83' lang='lat' dir='ltr'><strong>eau-</strong></span> 
     </span>
     <span class='ocr_line' id='line_1_7' title="bbox 890 1084 2780 1167; baseline 0.001 -21"><span class='ocrx_word' id='word_1_38' title='bbox 890 1101 960 1146; x_wconf 87' lang='lat' dir='ltr'><strong>sa</strong></span> <span class='ocrx_word' id='word_1_39' title='bbox 1002 1084 1067 1146; x_wconf 84' lang='lat' dir='ltr'><strong>in</strong></span> <span class='ocrx_word' id='word_1_40' title='bbox 1108 1085 1245 1148; x_wconf 86' lang='lat' dir='ltr'><strong>dies</strong></span> <span class='ocrx_word' id='word_1_41' title='bbox 1288 1087 1771 1167; x_wconf 78' lang='lat' dir='ltr'><strong>ingravescere:</strong></span> <span class='ocrx_word' id='word_1_42' title='bbox 1815 1085 2093 1152; x_wconf 78' lang='lat' dir='ltr'><strong>ostendit</strong></span> <span class='ocrx_word' id='word_1_43' title='bbox 2153 1102 2416 1167; x_wconf 77' lang='lat' dir='ltr'><strong>magnos</strong></span> <span class='ocrx_word' id='word_1_44' title='bbox 2465 1086 2592 1148; x_wconf 86' lang='lat' dir='ltr'><strong>iam</strong></span> <span class='ocrx_word' id='word_1_45' title='bbox 2643 1086 2780 1148; x_wconf 77' lang='lat' dir='ltr'><strong>rru-</strong></span> 
     </span>
     <span class='ocr_line' id='line_1_8' title="bbox 890 1177 2782 1260; baseline 0.003 -24"><span class='ocrx_word' id='word_1_46' title='bbox 890 1184 1032 1240; x_wconf 79' lang='lat' dir='ltr'><strong>ctus</strong></span> <span class='ocrx_word' id='word_1_47' title='bbox 1070 1195 1157 1241; x_wconf 81' lang='lat' dir='ltr'><strong>ex</strong></span> <span class='ocrx_word' id='word_1_48' title='bbox 1201 1179 1471 1242; x_wconf 78' lang='lat' dir='ltr'><strong>assiduis</strong></span> <span class='ocrx_word' id='word_1_49' title='bbox 1518 1177 1808 1244; x_wconf 82' lang='lat' dir='ltr'><strong>fidelium</strong></span> <span class='ocrx_word' id='word_1_50' title='bbox 1851 1179 2150 1260; x_wconf 88' lang='lat' dir='ltr'><strong>precibus</strong></span> <span class='ocrx_word' id='word_1_51' title='bbox 2176 1197 2610 1258; x_wconf 82' lang='lat' dir='ltr'><strong>promanasse,</strong></span> <span class='ocrx_word' id='word_1_52' title='bbox 2640 1179 2782 1242; x_wconf 83' lang='lat' dir='ltr'><strong>lon·-</strong></span> 
     </span>
     <span class='ocr_line' id='line_1_9' title="bbox 892 1270 2781 1353; baseline 0 -19"><span class='ocrx_word' id='word_1_53' title='bbox 892 1287 1099 1350; x_wconf 80' lang='lat' dir='ltr'><strong>geque</strong></span> <span class='ocrx_word' id='word_1_54' title='bbox 1129 1273 1403 1336; x_wconf 81' lang='lat' dir='ltr'><strong>maiores</strong></span> <span class='ocrx_word' id='word_1_55' title='bbox 1448 1291 1597 1336; x_wconf 89' lang='lat' dir='ltr'><strong>esse</strong></span> <span class='ocrx_word' id='word_1_56' title='bbox 1638 1271 2012 1353; x_wconf 75' lang='lat' dir='ltr'><strong>sperandus·</strong></span> <span class='ocrx_word' id='word_1_57' title='bbox 2043 1270 2093 1332; x_wconf 90' lang='lat' dir='ltr'>F</span> <span class='ocrx_word' id='word_1_58' title='bbox 2101 1291 2213 1334; x_wconf 86' lang='lat' dir='ltr'><strong>use</strong></span> <span class='ocrx_word' id='word_1_59' title='bbox 2243 1272 2533 1351; x_wconf 84' lang='lat' dir='ltr'><strong>loquitur</strong></span> <span class='ocrx_word' id='word_1_60' title='bbox 2559 1271 2638 1334; x_wconf 91' lang='lat' dir='ltr'><strong>de</strong></span> <span class='ocrx_word' id='word_1_61' title='bbox 2667 1273 2781 1334; x_wconf 86' lang='lat' dir='ltr'><strong>ob-</strong></span> 
     </span>
     <span class='ocr_line' id='line_1_10' title="bbox 890 1361 2779 1446; baseline 0.003 -23"><span class='ocrx_word' id='word_1_62' title='bbox 890 1361 1039 1426; x_wconf 87' lang='lat' dir='ltr'><strong>latis</strong></span> <span class='ocrx_word' id='word_1_63' title='bbox 1088 1363 1208 1426; x_wconf 87' lang='lat' dir='ltr'><strong>sibi</strong></span> <span class='ocrx_word' id='word_1_64' title='bbox 1250 1383 1291 1426; x_wconf 89' lang='lat' dir='ltr'><strong>a</strong></span> <span class='ocrx_word' id='word_1_65' title='bbox 1340 1362 1702 1445; x_wconf 89' lang='lat' dir='ltr'><strong>Subalpino</strong></span> <span class='ocrx_word' id='word_1_66' title='bbox 1747 1363 2079 1428; x_wconf 86' lang='lat' dir='ltr'><strong>Gubernio</strong></span> <span class='ocrx_word' id='word_1_67' title='bbox 2131 1365 2536 1428; x_wconf 82' lang='lat' dir='ltr'><strong>cautionibus</strong></span> <span class='ocrx_word' id='word_1_68' title='bbox 2577 1367 2779 1446; x_wconf 76' lang='lat' dir='ltr'><strong>vulgo</strong></span> 
     </span>
     <span class='ocr_line' id='line_1_11' title="bbox 886 1456 2777 1539; baseline 0.002 -21"><span class='ocrx_word' id='word_1_69' title='bbox 886 1456 1311 1538; x_wconf 55' lang='lat' dir='ltr'><strong>quan-emique,</strong></span> <span class='ocrx_word' id='word_1_70' title='bbox 1342 1477 1503 1539; x_wconf 82' lang='lat' dir='ltr'><strong>quas</strong></span> <span class='ocrx_word' id='word_1_71' title='bbox 1530 1477 1571 1522; x_wconf 98' lang='lat' dir='ltr'><strong>a</strong></span> <span class='ocrx_word' id='word_1_72' title='bbox 1598 1477 1666 1520; x_wconf 85' lang='lat' dir='ltr'><strong>se</strong></span> <span class='ocrx_word' id='word_1_73' title='bbox 1710 1460 1968 1522; x_wconf 85' lang='lat' dir='ltr'><strong>omnino</strong></span> <span class='ocrx_word' id='word_1_74' title='bbox 2011 1459 2282 1522; x_wconf 86' lang='lat' dir='ltr'><strong>reiectas</strong></span> <span class='ocrx_word' id='word_1_75' title='bbox 2310 1477 2448 1522; x_wconf 86' lang='lat' dir='ltr'><strong>esse</strong></span> <span class='ocrx_word' id='word_1_76' title='bbox 2481 1460 2600 1520; x_wconf 81' lang='lat' dir='ltr'><strong>toti</strong></span> <span class='ocrx_word' id='word_1_77' title='bbox 2640 1460 2777 1522; x_wconf 81' lang='lat' dir='ltr'><strong>orbi</strong></span> 
     </span>
     <span class='ocr_line' id='line_1_12' title="bbox 890 1549 2842 1619; baseline 0.004 -7"><span class='ocrx_word' id='word_1_78' title='bbox 890 1550 1265 1614; x_wconf 87' lang='lat' dir='ltr'><strong>solemniter</strong></span> <span class='ocrx_word' id='word_1_79' title='bbox 1304 1551 1613 1616; x_wconf 82' lang='lat' dir='ltr'><strong>declarat.</strong></span> <span class='ocrx_word' id='word_1_80' title='bbox 1664 1549 1918 1616; x_wconf 83' lang='lat' dir='ltr'><strong>Fideles</strong></span> <span class='ocrx_word' id='word_1_81' title='bbox 1959 1554 2206 1617; x_wconf 83' lang='lat' dir='ltr'><strong>excitat</strong></span> <span class='ocrx_word' id='word_1_82' title='bbox 2246 1559 2320 1616; x_wconf 91' lang='lat' dir='ltr'><strong>ut</strong></span> <span class='ocrx_word' id='word_1_83' title='bbox 2359 1569 2578 1616; x_wconf 88' lang='lat' dir='ltr'><strong>secum</strong></span> <span class='ocrx_word' id='word_1_84' title='bbox 2621 1570 2774 1616; x_wconf 84' lang='lat' dir='ltr'><strong>oon-</strong></span> <span class='ocrx_word' id='word_1_85' title='bbox 2837 1615 2842 1619; x_wconf 82' lang='lat'>.</span> 
     </span>
     <span class='ocr_line' id='line_1_13' title="bbox 890 1642 2933 1728; baseline 0.001 -25"><span class='ocrx_word' id='word_1_86' title='bbox 890 1643 1091 1708; x_wconf 88' lang='lat' dir='ltr'><strong>iuncti</strong></span> <span class='ocrx_word' id='word_1_87' title='bbox 1135 1662 1170 1707; x_wconf 87' lang='lat' dir='ltr'><strong>a</strong></span> <span class='ocrx_word' id='word_1_88' title='bbox 1216 1642 1355 1709; x_wconf 88' lang='lat' dir='ltr'><strong>Deo</strong></span> <span class='ocrx_word' id='word_1_89' title='bbox 1396 1646 1726 1710; x_wconf 79' lang='lat' dir='ltr'><strong>exorando</strong></span> <span class='ocrx_word' id='word_1_90' title='bbox 1769 1664 2096 1728; x_wconf 83' lang='lat' dir='ltr'><strong>nunqnam</strong></span> <span class='ocrx_word' id='word_1_91' title='bbox 2137 1645 2455 1709; x_wconf 78' lang='lat' dir='ltr'><strong>deficiant.</strong></span> <span class='ocrx_word' id='word_1_92' title='bbox 2555 1691 2570 1706; x_wconf 88' lang='lat'><strong>.</strong></span> <span class='ocrx_word' id='word_1_93' title='bbox 2739 1669 2773 1706; x_wconf 83' lang='lat'>»</span> <span class='ocrx_word' id='word_1_94' title='bbox 2813 1643 2933 1726; x_wconf 69' lang='lat' dir='ltr'><strong>3OE</strong></span> 
     </span>
    </p>
   </div>
   <div class='ocr_carea' id='block_1_3' title="bbox 808 1827 2940 2194">
    <p class='ocr_par' dir='ltr' id='par_1_3' title="bbox 808 1827 2940 2194">
     <span class='ocr_line' id='line_1_14' title="bbox 808 1827 2782 1912; baseline 0.005 -20"><span class='ocrx_word' id='word_1_95' title='bbox 808 1827 1092 1895; x_wconf 84' lang='lat' dir='ltr'><strong>Litterae</strong></span> <span class='ocrx_word' id='word_1_96' title='bbox 1130 1831 1547 1912; x_wconf 84' lang='lat' dir='ltr'><strong>Apostolicae</strong></span> <span class='ocrx_word' id='word_1_97' title='bbox 1588 1837 1711 1899; x_wconf 90' lang='lat' dir='ltr'><strong>sub</strong></span> <span class='ocrx_word' id='word_1_98' title='bbox 1755 1835 2008 1898; x_wconf 85' lang='lat' dir='ltr'><strong>annulo</strong></span> <span class='ocrx_word' id='word_1_99' title='bbox 2053 1833 2400 1900; x_wconf 74' lang='lat' dir='ltr'><strong>piscatoris</strong></span> <span class='ocrx_word' id='word_1_100' title='bbox 2427 1869 2456 1882; x_wconf 90' lang='lat'><strong>··</strong></span> <span class='ocrx_word' id='word_1_101' title='bbox 2486 1834 2579 1898; x_wconf 78' lang='lat' dir='ltr'><strong>De</strong></span> <span class='ocrx_word' id='word_1_102' title='bbox 2625 1834 2782 1901; x_wconf 78' lang='lat' dir='ltr'><strong>insi-</strong></span> 
     </span>
     <span class='ocr_line' id='line_1_15' title="bbox 885 1922 2784 2010; baseline 0.004 -24"><span class='ocrx_word' id='word_1_103' title='bbox 885 1922 1111 2005; x_wconf 61' lang='lat' dir='ltr'><strong>gnium</strong></span> <span class='ocrx_word' id='word_1_104' title='bbox 1143 1926 1411 2006; x_wconf 79' lang='lat' dir='ltr'><strong>pietatis</strong></span> <span class='ocrx_word' id='word_1_105' title='bbox 1435 1963 1465 1975; x_wconf 90' lang='lat'>-</span> <span class='ocrx_word' id='word_1_106' title='bbox 1508 1929 1608 1991; x_wconf 88' lang='lat' dir='ltr'><strong>die</strong></span> <span class='ocrx_word' id='word_1_107' title='bbox 1651 1925 1731 1995; x_wconf 71' lang='lat'><strong>24</strong></span> <span class='ocrx_word' id='word_1_108' title='bbox 1773 1929 1948 2005; x_wconf 89' lang='lat' dir='ltr'><strong>maii,</strong></span> <span class='ocrx_word' id='word_1_109' title='bbox 1979 1929 2214 2009; x_wconf 87' lang='lat' dir='ltr'><strong>quibus</strong></span> <span class='ocrx_word' id='word_1_110' title='bbox 2241 1930 2552 1992; x_wconf 90' lang='lat' dir='ltr'><strong>nonnulla</strong></span> <span class='ocrx_word' id='word_1_111' title='bbox 2594 1948 2784 2010; x_wconf 86' lang='lat' dir='ltr'><strong>prae-</strong></span> 
     </span>
     <span class='ocr_line' id='line_1_16' title="bbox 890 2017 2782 2103; baseline 0.002 -23"><span class='ocrx_word' id='word_1_112' title='bbox 890 2017 1266 2082; x_wconf 87' lang='lat' dir='ltr'><strong>scribuntur</strong></span> <span class='ocrx_word' id='word_1_113' title='bbox 1331 2022 1407 2083; x_wconf 89' lang='lat' dir='ltr'><strong>ad</strong></span> <span class='ocrx_word' id='word_1_114' title='bbox 1491 2022 1894 2103; x_wconf 86' lang='lat' dir='ltr'><strong>splendorem</strong></span> <span class='ocrx_word' id='word_1_115' title='bbox 1942 2031 2008 2085; x_wconf 93' lang='lat' dir='ltr'><strong>et</strong></span> <span class='ocrx_word' id='word_1_116' title='bbox 2057 2023 2303 2086; x_wconf 89' lang='lat' dir='ltr'><strong>cultum</strong></span> <span class='ocrx_word' id='word_1_117' title='bbox 2376 2020 2652 2086; x_wconf 83' lang='lat' dir='ltr'><strong>Sacrarii</strong></span> <span class='ocrx_word' id='word_1_118' title='bbox 2703 2025 2782 2086; x_wconf 87' lang='lat' dir='ltr'><strong>ad</strong></span> 
     </span>
     <span class='ocr_line' id='line_1_17' title="bbox 893 2109 2940 2194; baseline 0.002 -21"><span class='ocrx_word' id='word_1_119' title='bbox 893 2109 1209 2194; x_wconf 79' lang='lat' dir='ltr'><strong>Praesepe</strong></span> <span class='ocrx_word' id='word_1_120' title='bbox 1254 2111 1311 2175; x_wconf 87' lang='lat' dir='ltr'>D</span> <span class='ocrx_word' id='word_1_121' title='bbox 1341 2158 1357 2175; x_wconf 89' lang='lat'><strong>.</strong></span> <span class='ocrx_word' id='word_1_122' title='bbox 1404 2113 1487 2180; x_wconf 89' lang='lat' dir='ltr'><strong>N.</strong></span> <span class='ocrx_word' id='word_1_123' title='bbox 1535 2115 1585 2178; x_wconf 88' lang='lat'><strong>1.</strong></span> <span class='ocrx_word' id='word_1_124' title='bbox 1634 2113 1707 2180; x_wconf 83' lang='lat' dir='ltr'><strong>C.</strong></span> <span class='ocrx_word' id='word_1_125' title='bbox 1753 2115 1817 2178; x_wconf 90' lang='lat' dir='ltr'><strong>in</strong></span> <span class='ocrx_word' id='word_1_126' title='bbox 1877 2115 2158 2180; x_wconf 86' lang='lat' dir='ltr'><strong>Basilica</strong></span> <span class='ocrx_word' id='word_1_127' title='bbox 2217 2115 2582 2180; x_wconf 74' lang='lat' dir='ltr'><strong>Libet-iana.</strong></span> <span class='ocrx_word' id='word_1_128' title='bbox 2747 2140 2783 2176; x_wconf 65' lang='lat' dir='ltr'><strong>&gt;a</strong></span> <span class='ocrx_word' id='word_1_129' title='bbox 2820 2113 2940 2181; x_wconf 77' lang='lat'><strong>317</strong></span> 
     </span>
    </p>
   </div>
   <div class='ocr_carea' id='block_1_4' title="bbox 812 2297 2948 3693">
    <p class='ocr_par' dir='ltr' id='par_1_4' title="bbox 812 2297 2788 3135">
     <span class='ocr_line' id='line_1_18' title="bbox 812 2297 2784 2385; baseline 0.002 -23"><span class='ocrx_word' id='word_1_130' title='bbox 812 2297 1105 2382; x_wconf 73' lang='lat' dir='ltr'><strong>Epistola</strong></span> <span class='ocrx_word' id='word_1_131' title='bbox 1150 2299 1495 2384; x_wconf 85' lang='lat' dir='ltr'><strong>Encycliea</strong></span> <span class='ocrx_word' id='word_1_132' title='bbox 1558 2337 1587 2350; x_wconf 92' lang='lat'>-</span> <span class='ocrx_word' id='word_1_133' title='bbox 1660 2302 1974 2385; x_wconf 71' lang='lat' dir='ltr'><strong>Beneficia</strong></span> <span class='ocrx_word' id='word_1_134' title='bbox 2027 2303 2150 2367; x_wconf 81' lang='lat' dir='ltr'><strong>Dei</strong></span> <span class='ocrx_word' id='word_1_135' title='bbox 2201 2337 2229 2350; x_wconf 92' lang='lat'>-</span> <span class='ocrx_word' id='word_1_136' title='bbox 2281 2304 2382 2368; x_wconf 90' lang='lat' dir='ltr'><strong>die</strong></span> <span class='ocrx_word' id='word_1_137' title='bbox 2423 2301 2466 2369; x_wconf 79' lang='lat'>4</span> <span class='ocrx_word' id='word_1_138' title='bbox 2505 2304 2662 2368; x_wconf 79' lang='lat' dir='ltr'><strong>iunii</strong></span> <span class='ocrx_word' id='word_1_139' title='bbox 2705 2305 2784 2366; x_wconf 88' lang='lat' dir='ltr'><strong>ad</strong></span> 
     </span>
     <span class='ocr_line' id='line_1_19' title="bbox 890 2394 2785 2479; baseline 0.002 -23"><span class='ocrx_word' id='word_1_140' title='bbox 890 2412 1110 2458; x_wconf 89' lang='lat' dir='ltr'><strong>omnes</strong></span> <span class='ocrx_word' id='word_1_141' title='bbox 1153 2394 1587 2476; x_wconf 77' lang='lat' dir='ltr'><strong>PatriarchaS‚</strong></span> <span class='ocrx_word' id='word_1_142' title='bbox 1625 2397 1970 2475; x_wconf 87' lang='lat' dir='ltr'><strong>Primates‚</strong></span> <span class='ocrx_word' id='word_1_143' title='bbox 2013 2397 2583 2479; x_wconf 75' lang='lat' dir='ltr'><strong>ArchiepiscopOS‚</strong></span> <span class='ocrx_word' id='word_1_144' title='bbox 2630 2396 2785 2478; x_wconf 87' lang='lat' dir='ltr'><strong>Epi-</strong></span> 
     </span>
     <span class='ocr_line' id='line_1_20' title="bbox 895 2489 2784 2571; baseline 0.003 -21"><span class='ocrx_word' id='word_1_145' title='bbox 895 2499 1157 2569; x_wconf 84' lang='lat' dir='ltr'><strong>scopos,·</strong></span> <span class='ocrx_word' id='word_1_146' title='bbox 1180 2491 1483 2571; x_wconf 83' lang='lat' dir='ltr'><strong>aliosque</strong></span> <span class='ocrx_word' id='word_1_147' title='bbox 1512 2492 1810 2554; x_wconf 86' lang='lat' dir='ltr'><strong>locorum</strong></span> <span class='ocrx_word' id='word_1_148' title='bbox 1833 2489 2208 2556; x_wconf 79' lang='lat' dir='ltr'><strong>Ordinatios</strong></span> <span class='ocrx_word' id='word_1_149' title='bbox 2233 2493 2502 2570; x_wconf 83' lang='lat' dir='ltr'><strong>gratiam</strong></span> <span class='ocrx_word' id='word_1_150' title='bbox 2525 2500 2593 2554; x_wconf 94' lang='lat' dir='ltr'><strong>et</strong></span> <span class='ocrx_word' id='word_1_151' title='bbox 2613 2509 2784 2556; x_wconf 72' lang='lat' dir='ltr'><strong>com·</strong></span> 
     </span>
     <span class='ocr_line' id='line_1_21' title="bbox 896 2581 2785 2665; baseline 0.003 -24"><span class='ocrx_word' id='word_1_152' title='bbox 896 2582 1267 2647; x_wconf 79' lang='lat' dir='ltr'><strong>munionem</strong></span> <span class='ocrx_word' id='word_1_153' title='bbox 1308 2601 1455 2649; x_wconf 88' lang='lat' dir='ltr'><strong>cum</strong></span> <span class='ocrx_word' id='word_1_154' title='bbox 1498 2582 1874 2665; x_wconf 82' lang='lat' dir='ltr'><strong>Apostolica</strong></span> <span class='ocrx_word' id='word_1_155' title='bbox 1921 2582 2082 2649; x_wconf 83' lang='lat' dir='ltr'><strong>Sede</strong></span> <span class='ocrx_word' id='word_1_156' title='bbox 2127 2584 2454 2647; x_wconf 84' lang='lat' dir='ltr'><strong>babentes.</strong></span> <span class='ocrx_word' id='word_1_157' title='bbox 2489 2581 2785 2647; x_wconf 86' lang='lat' dir='ltr'><strong>Peculia·</strong></span> 
     </span>
     <span class='ocr_line' id='line_1_22' title="bbox 887 2675 2788 2759; baseline 0.002 -24"><span class='ocrx_word' id='word_1_158' title='bbox 887 2675 993 2735; x_wconf 83' lang='lat' dir='ltr'><strong>ria</strong></span> <span class='ocrx_word' id='word_1_159' title='bbox 1022 2678 1121 2739; x_wconf 85' lang='lat' dir='ltr'><strong>sui</strong></span> <span class='ocrx_word' id='word_1_160' title='bbox 1154 2676 1571 2743; x_wconf 82' lang='lat' dir='ltr'><strong>Pontificatus</strong></span> <span class='ocrx_word' id='word_1_161' title='bbox 1616 2688 1796 2759; x_wconf 79' lang='lat' dir='ltr'><strong>gesta</strong></span> <span class='ocrx_word' id='word_1_162' title='bbox 1824 2679 2113 2742; x_wconf 79' lang='lat' dir='ltr'><strong>breviter</strong></span> <span class='ocrx_word' id='word_1_163' title='bbox 2159 2684 2516 2741; x_wconf 83' lang='lat' dir='ltr'><strong>enumerat.</strong></span> <span class='ocrx_word' id='word_1_164' title='bbox 2563 2676 2788 2741; x_wconf 84' lang='lat' dir='ltr'><strong>Monet</strong></span> 
     </span>
     <span class='ocr_line' id='line_1_23' title="bbox 890 2769 2786 2850; baseline 0.002 -19"><span class='ocrx_word' id='word_1_165' title='bbox 890 2786 959 2831; x_wconf 90' lang='lat' dir='ltr'><strong>se</strong></span> <span class='ocrx_word' id='word_1_166' title='bbox 1000 2772 1481 2850; x_wconf 72' lang='lat' dir='ltr'><strong>quamprimum</strong></span> <span class='ocrx_word' id='word_1_167' title='bbox 1524 2769 1599 2834; x_wconf 92' lang='lat' dir='ltr'><strong>B.</strong></span> <span class='ocrx_word' id='word_1_168' title='bbox 1646 2772 1824 2835; x_wconf 88' lang='lat' dir='ltr'><strong>Petri</strong></span> <span class='ocrx_word' id='word_1_169' title='bbox 1869 2791 2072 2835; x_wconf 86' lang='lat' dir='ltr'><strong>annos</strong></span> <span class='ocrx_word' id='word_1_170' title='bbox 2127 2772 2189 2833; x_wconf 90' lang='lat' dir='ltr'><strong>in</strong></span> <span class='ocrx_word' id='word_1_171' title='bbox 2235 2769 2526 2835; x_wconf 83' lang='lat' dir='ltr'><strong>Romano</strong></span> <span class='ocrx_word' id='word_1_172' title='bbox 2569 2770 2786 2835; x_wconf 81' lang='lat' dir='ltr'><strong>Ponti·</strong></span> 
     </span>
     <span class='ocr_line' id='line_1_24' title="bbox 889 2862 2782 2947; baseline 0.003 -24"><span class='ocrx_word' id='word_1_173' title='bbox 889 2862 1089 2927; x_wconf 82' lang='lat' dir='ltr'><strong>ficatu</strong></span> <span class='ocrx_word' id='word_1_174' title='bbox 1130 2872 1808 2947; x_wconf 66' lang='lat' dir='ltr'><strong>praetergressurum:</strong></span> <span class='ocrx_word' id='word_1_175' title='bbox 1853 2866 2076 2929; x_wconf 81' lang='lat' dir='ltr'><strong>fideles</strong></span> <span class='ocrx_word' id='word_1_176' title='bbox 2137 2866 2440 2929; x_wconf 80' lang='lat' dir='ltr'><strong>hortatur</strong></span> <span class='ocrx_word' id='word_1_177' title='bbox 2468 2910 2486 2941; x_wconf 93' lang='lat'>‚</span> <span class='ocrx_word' id='word_1_178' title='bbox 2529 2873 2606 2929; x_wconf 88' lang='lat' dir='ltr'><strong>ut</strong></span> <span class='ocrx_word' id='word_1_179' title='bbox 2655 2883 2782 2929; x_wconf 89' lang='lat' dir='ltr'><strong>una</strong></span> 
     </span>
     <span class='ocr_line' id='line_1_25' title="bbox 888 2956 2785 3041; baseline 0.001 -22"><span class='ocrx_word' id='word_1_180' title='bbox 888 2973 1107 3021; x_wconf 77' lang='lat' dir='ltr'><strong>secum</strong></span> <span class='ocrx_word' id='word_1_181' title='bbox 1150 2960 1389 3039; x_wconf 78' lang='lat' dir='ltr'><strong>gratias</strong></span> <span class='ocrx_word' id='word_1_182' title='bbox 1430 2977 1549 3041; x_wconf 91' lang='lat' dir='ltr'><strong>pro</strong></span> <span class='ocrx_word' id='word_1_183' title='bbox 1597 2968 1728 3025; x_wconf 87' lang='lat' dir='ltr'><strong>tam</strong></span> <span class='ocrx_word' id='word_1_184' title='bbox 1769 2960 2097 3040; x_wconf 74' lang='lat' dir='ltr'><strong>singulari</strong></span> <span class='ocrx_word' id='word_1_185' title='bbox 2137 2977 2403 3022; x_wconf 86' lang='lat' dir='ltr'><strong>munere</strong></span> <span class='ocrx_word' id='word_1_186' title='bbox 2446 2956 2588 3023; x_wconf 87' lang='lat' dir='ltr'><strong>Deo</strong></span> <span class='ocrx_word' id='word_1_187' title='bbox 2639 2977 2785 3039; x_wconf 87' lang='lat' dir='ltr'><strong>per-</strong></span> 
     </span>
     <span class='ocr_line' id='line_1_26' title="bbox 896 3050 2788 3135; baseline 0.002 -23"><span class='ocrx_word' id='word_1_188' title='bbox 896 3050 1175 3115; x_wconf 75' lang='lat' dir='ltr'><strong>solvant.</strong></span> <span class='ocrx_word' id='word_1_189' title='bbox 1242 3050 1551 3135; x_wconf 81' lang='lat' dir='ltr'><strong>Denique</strong></span> <span class='ocrx_word' id='word_1_190' title='bbox 1617 3056 1920 3118; x_wconf 88' lang='lat' dir='ltr'><strong>omnibus</strong></span> <span class='ocrx_word' id='word_1_191' title='bbox 1980 3054 2370 3117; x_wconf 86' lang='lat' dir='ltr'><strong>dioecesium</strong></span> <span class='ocrx_word' id='word_1_192' title='bbox 2433 3052 2788 3119; x_wconf 85' lang='lat' dir='ltr'><strong>Ordinariis</strong></span> 
     </span>
    </p>

    <p class='ocr_par' dir='ltr' id='par_1_5' title="bbox 822 3144 2948 3693">
     <span class='ocr_line' id='line_1_27' title="bbox 822 3144 2784 3229; baseline 0.002 -22"><span class='ocrx_word' id='word_1_193' title='bbox 822 3218 829 3223; x_wconf 15' lang='grc' dir='ltr'><em>ι</em></span> <span class='ocrx_word' id='word_1_194' title='bbox 900 3145 1155 3207; x_wconf 85' lang='lat' dir='ltr'><strong>veniam</strong></span> <span class='ocrx_word' id='word_1_195' title='bbox 1194 3146 1346 3209; x_wconf 83' lang='lat' dir='ltr'><strong>facit</strong></span> <span class='ocrx_word' id='word_1_196' title='bbox 1379 3147 1792 3229; x_wconf 82' lang='lat' dir='ltr'><strong>Apostolicae</strong></span> <span class='ocrx_word' id='word_1_197' title='bbox 1821 3144 2288 3211; x_wconf 83' lang='lat' dir='ltr'><strong>Benedictionis</strong></span> <span class='ocrx_word' id='word_1_198' title='bbox 2328 3148 2784 3228; x_wconf 74' lang='lat' dir='ltr'><strong>impertiendae</strong></span> 
     </span>
     <span class='ocr_line' id='line_1_28' title="bbox 896 3239 2786 3321; baseline 0.001 -21"><span class='ocrx_word' id='word_1_199' title='bbox 896 3239 1144 3320; x_wconf 90' lang='lat' dir='ltr'><strong>populo</strong></span> <span class='ocrx_word' id='word_1_200' title='bbox 1198 3240 1300 3302; x_wconf 92' lang='lat' dir='ltr'><strong>die</strong></span> <span class='ocrx_word' id='word_1_201' title='bbox 1355 3240 1795 3305; x_wconf 80' lang='lat' dir='ltr'><strong>decimosexto</strong></span> <span class='ocrx_word' id='word_1_202' title='bbox 1857 3246 1984 3302; x_wconf 86' lang='lat' dir='ltr'><strong>aut</strong></span> <span class='ocrx_word' id='word_1_203' title='bbox 2053 3240 2570 3321; x_wconf 81' lang='lat' dir='ltr'><strong>vigesimoprimo</strong></span> <span class='ocrx_word' id='word_1_204' title='bbox 2629 3242 2786 3303; x_wconf 89' lang='lat' dir='ltr'><strong>iunii</strong></span> 
     </span>
     <span class='ocr_line' id='line_1_29' title="bbox 886 3333 2788 3414; baseline 0.001 -19"><span class='ocrx_word' id='word_1_205' title='bbox 886 3333 1209 3397; x_wconf 75' lang='lat' dir='ltr'><strong>volvent-is</strong></span> <span class='ocrx_word' id='word_1_206' title='bbox 1246 3335 1419 3411; x_wconf 87' lang='lat' dir='ltr'><strong>anni,</strong></span> <span class='ocrx_word' id='word_1_207' title='bbox 1462 3336 1569 3397; x_wconf 81' lang='lat' dir='ltr'><strong>vel</strong></span> <span class='ocrx_word' id='word_1_208' title='bbox 1620 3336 1751 3397; x_wconf 86' lang='lat' dir='ltr'><strong>alio</strong></span> <span class='ocrx_word' id='word_1_209' title='bbox 1801 3334 1906 3397; x_wconf 79' lang='lat' dir='ltr'><strong>die</strong></span> <span class='ocrx_word' id='word_1_210' title='bbox 1957 3334 2038 3397; x_wconf 88' lang='lat' dir='ltr'><strong>ad</strong></span> <span class='ocrx_word' id='word_1_211' title='bbox 2087 3336 2420 3414; x_wconf 82' lang='lat' dir='ltr'><strong>cuiusque</strong></span> <span class='ocrx_word' id='word_1_212' title='bbox 2461 3333 2788 3399; x_wconf 75' lang='lat' dir='ltr'><strong>ordinarii</strong></span> 
     </span>
     <span class='ocr_line' id='line_1_30' title="bbox 887 3426 2788 3510; baseline 0.003 -24"><span class='ocrx_word' id='word_1_213' title='bbox 887 3426 1225 3490; x_wconf 84' lang='lat' dir='ltr'><strong>arbitrium</strong></span> <span class='ocrx_word' id='word_1_214' title='bbox 1264 3428 1585 3507; x_wconf 80' lang='lat' dir='ltr'><strong>eligendo,</strong></span> <span class='ocrx_word' id='word_1_215' title='bbox 1628 3446 1760 3510; x_wconf 89' lang='lat' dir='ltr'><strong>quo</strong></span> <span class='ocrx_word' id='word_1_216' title='bbox 1802 3428 1904 3491; x_wconf 90' lang='lat' dir='ltr'><strong>die</strong></span> <span class='ocrx_word' id='word_1_217' title='bbox 1945 3426 2436 3505; x_wconf 80' lang='lat' dir='ltr'><strong>christifideles,</strong></span> <span class='ocrx_word' id='word_1_218' title='bbox 2467 3430 2788 3493; x_wconf 86' lang='lat' dir='ltr'><strong>consuetis</strong></span> 
     </span>
     <span class='ocr_line' id='line_1_31' title="bbox 890 3520 2791 3603; baseline 0.003 -22"><span class='ocrx_word' id='word_1_219' title='bbox 890 3520 1165 3599; x_wconf 76' lang='lat' dir='ltr'><strong>expletis</strong></span> <span class='ocrx_word' id='word_1_220' title='bbox 1206 3521 1701 3602; x_wconf 78' lang='lat' dir='ltr'><strong>conditionibuS‚</strong></span> <span class='ocrx_word' id='word_1_221' title='bbox 1739 3522 2104 3603; x_wconf 85' lang='lat' dir='ltr'><strong>plenariam</strong></span> <span class='ocrx_word' id='word_1_222' title='bbox 2145 3521 2606 3603; x_wconf 81' lang='lat' dir='ltr'><strong>indulgentiam</strong></span> <span class='ocrx_word' id='word_1_223' title='bbox 2638 3540 2791 3587; x_wconf 86' lang='lat' dir='ltr'><strong>con·</strong></span> 
     </span>
     <span class='ocr_line' id='line_1_32' title="bbox 890 3611 2948 3693; baseline 0.001 -16"><span class='ocrx_word' id='word_1_224' title='bbox 890 3614 1073 3693; x_wconf 85' lang='lat' dir='ltr'><strong>sequi</strong></span> <span class='ocrx_word' id='word_1_225' title='bbox 1114 3615 1376 3679; x_wconf 79' lang='lat' dir='ltr'><strong>valeant</strong></span> <span class='ocrx_word' id='word_1_226' title='bbox 1440 3661 1453 3675; x_wconf 93' lang='lat'><strong><em>.</em></strong></span> <span class='ocrx_word' id='word_1_227' title='bbox 1626 3662 1640 3676; x_wconf 94' lang='lat'>.</span> <span class='ocrx_word' id='word_1_228' title='bbox 1811 3660 1826 3675; x_wconf 91' lang='lat'><strong>.</strong></span> <span class='ocrx_word' id='word_1_229' title='bbox 1997 3662 2010 3677; x_wconf 95' lang='lat'>.</span> <span class='ocrx_word' id='word_1_230' title='bbox 2191 3661 2206 3675; x_wconf 92' lang='lat'>.</span> <span class='ocrx_word' id='word_1_231' title='bbox 2383 3662 2398 3677; x_wconf 90' lang='lat'>.</span> <span class='ocrx_word' id='word_1_232' title='bbox 2571 3662 2586 3677; x_wconf 90' lang='lat'><strong>.</strong></span> <span class='ocrx_word' id='word_1_233' title='bbox 2755 3638 2787 3673; x_wconf 86' lang='lat'>»</span> <span class='ocrx_word' id='word_1_234' title='bbox 2821 3611 2948 3679; x_wconf 67' lang='lat'><strong>324</strong></span> 
     </span>
    </p>
   </div>
   <div class='ocr_carea' id='block_1_5' title="bbox 802 3798 2953 4444">
    <p class='ocr_par' dir='ltr' id='par_1_6' title="bbox 810 3798 2792 3978">
     <span class='ocr_line' id='line_1_33' title="bbox 810 3798 2792 3887; baseline 0.003 -24"><span class='ocrx_word' id='word_1_235' title='bbox 810 3798 1097 3865; x_wconf 70' lang='lat' dir='ltr'><strong>Litterae</strong></span> <span class='ocrx_word' id='word_1_236' title='bbox 1134 3800 1284 3881; x_wconf 82' lang='lat' dir='ltr'><strong>Apo</strong></span> <span class='ocrx_word' id='word_1_237' title='bbox 1296 3804 1565 3867; x_wconf 73' lang='lat' dir='ltr'><strong>stolicae</strong></span> <span class='ocrx_word' id='word_1_238' title='bbox 1606 3805 1729 3867; x_wconf 85' lang='lat' dir='ltr'><strong>sub</strong></span> <span class='ocrx_word' id='word_1_239' title='bbox 1761 3805 2004 3868; x_wconf 83' lang='lat' dir='ltr'><strong>annulo</strong></span> <span class='ocrx_word' id='word_1_240' title='bbox 2047 3802 2392 3869; x_wconf 84' lang='lat' dir='ltr'><strong>Piscatoris</strong></span> <span class='ocrx_word' id='word_1_241' title='bbox 2413 3824 2446 3863; x_wconf 76' lang='grc' dir='ltr'><strong>ι(</strong></span> <span class='ocrx_word' id='word_1_242' title='bbox 2479 3802 2792 3887; x_wconf 71' lang='lat' dir='ltr'><strong>inclytum</strong></span> 
     </span>
     <span class='ocr_line' id='line_1_34' title="bbox 893 3893 2790 3978; baseline 0.001 -18"><span class='ocrx_word' id='word_1_243' title='bbox 893 3893 1357 3960; x_wconf 59' lang='lat' dir='ltr'><strong>Patrius-cham</strong></span> <span class='ocrx_word' id='word_1_244' title='bbox 1386 3918 1419 3955; x_wconf 87' lang='lat'>»</span> <span class='ocrx_word' id='word_1_245' title='bbox 1448 3897 1549 3961; x_wconf 77' lang='lat' dir='ltr'><strong>die</strong></span> <span class='ocrx_word' id='word_1_246' title='bbox 1576 3894 1615 3959; x_wconf 88' lang='lat'><strong>7</strong></span> <span class='ocrx_word' id='word_1_247' title='bbox 1640 3898 1788 3961; x_wconf 84' lang='lat' dir='ltr'><strong>iulii</strong></span> <span class='ocrx_word' id='word_1_248' title='bbox 1830 3916 1949 3978; x_wconf 85' lang='lat' dir='ltr'><strong>pro</strong></span> <span class='ocrx_word' id='word_1_249' title='bbox 1992 3897 2426 3962; x_wconf 82' lang='lat' dir='ltr'><strong>celebratione</strong></span> <span class='ocrx_word' id='word_1_250' title='bbox 2457 3898 2600 3961; x_wconf 80' lang='lat' dir='ltr'><strong>festi</strong></span> <span class='ocrx_word' id='word_1_251' title='bbox 2633 3896 2790 3963; x_wconf 80' lang='lat' dir='ltr'><strong>San·-</strong></span> 
     </span>
    </p>

    <p class='ocr_par' dir='ltr' id='par_1_7' title="bbox 830 3984 2946 4071">
     <span class='ocr_line' id='line_1_35' title="bbox 830 3984 2946 4071; baseline 0.001 -22"><span class='ocrx_word' id='word_1_252' title='bbox 830 4009 839 4017; x_wconf 94' lang='lat'>·</span> <span class='ocrx_word' id='word_1_253' title='bbox 893 3988 977 4051; x_wconf 91' lang='lat' dir='ltr'><strong>cti</strong></span> <span class='ocrx_word' id='word_1_254' title='bbox 1020 3988 1295 4068; x_wconf 75' lang='lat' dir='ltr'><strong>losepbi,</strong></span> <span class='ocrx_word' id='word_1_255' title='bbox 1336 3990 1607 4070; x_wconf 85' lang='lat' dir='ltr'><strong>eiusque</strong></span> <span class='ocrx_word' id='word_1_256' title='bbox 1654 3991 2029 4071; x_wconf 86' lang='lat' dir='ltr'><strong>patrocinii.</strong></span> <span class='ocrx_word' id='word_1_257' title='bbox 2205 4036 2220 4049; x_wconf 92' lang='lat'><strong>.</strong></span> <span class='ocrx_word' id='word_1_258' title='bbox 2389 4034 2404 4053; x_wconf 88' lang='lat'><strong>.</strong></span> <span class='ocrx_word' id='word_1_259' title='bbox 2573 4034 2586 4049; x_wconf 95' lang='lat'><strong>.</strong></span> <span class='ocrx_word' id='word_1_260' title='bbox 2754 4010 2790 4048; x_wconf 82' lang='lat'>»</span> <span class='ocrx_word' id='word_1_261' title='bbox 2829 3984 2946 4055; x_wconf 83' lang='lat'><strong>331</strong></span> 
     </span>
    </p>

    <p class='ocr_par' dir='ltr' id='par_1_8' title="bbox 843 4076 880 4113">
     <span class='ocr_line' id='line_1_36' title="bbox 843 4076 880 4113; baseline 0 0"><span class='ocrx_word' id='word_1_262' title='bbox 843 4076 880 4113; x_wconf 68' lang='grc' dir='ltr'><em>Ο</em></span> 
     </span>
    </p>

    <p class='ocr_par' dir='ltr' id='par_1_9' title="bbox 802 4186 2953 4444">
     <span class='ocr_line' id='line_1_37' title="bbox 802 4186 2791 4271; baseline 0.001 -19"><span class='ocrx_word' id='word_1_263' title='bbox 802 4186 1067 4252; x_wconf 80' lang='lat' dir='ltr'><strong>Similes</strong></span> <span class='ocrx_word' id='word_1_264' title='bbox 1106 4206 1141 4247; x_wconf 74' lang='grc' dir='ltr'><strong>α</strong></span> <span class='ocrx_word' id='word_1_265' title='bbox 1198 4187 1331 4265; x_wconf 59' lang='lat' dir='ltr'><strong>Qua·</strong></span> <span class='ocrx_word' id='word_1_266' title='bbox 1395 4189 1721 4255; x_wconf 71' lang='lat' dir='ltr'><strong>Ecclesiae</strong></span> <span class='ocrx_word' id='word_1_267' title='bbox 1768 4210 1916 4255; x_wconf 72' lang='lat' dir='ltr'><strong>suas</strong></span> <span class='ocrx_word' id='word_1_268' title='bbox 1983 4211 2015 4249; x_wconf 70' lang='lat'><strong>&gt;³</strong></span> <span class='ocrx_word' id='word_1_269' title='bbox 2077 4191 2180 4254; x_wconf 83' lang='lat' dir='ltr'><strong>die</strong></span> <span class='ocrx_word' id='word_1_270' title='bbox 2225 4188 2272 4255; x_wconf 79' lang='lat'>6</span> <span class='ocrx_word' id='word_1_271' title='bbox 2311 4189 2498 4269; x_wconf 74' lang='lat' dir='ltr'><strong>iulii&#39;,</strong></span> <span class='ocrx_word' id='word_1_272' title='bbox 2556 4191 2791 4271; x_wconf 80' lang='lat' dir='ltr'><strong>quibus</strong></span> 
     </span>
     <span class='ocr_line' id='line_1_38' title="bbox 896 4282 2787 4365; baseline 0.001 -20"><span class='ocrx_word' id='word_1_273' title='bbox 896 4284 1123 4347; x_wconf 86' lang='lat' dir='ltr'><strong>maiori</strong></span> <span class='ocrx_word' id='word_1_274' title='bbox 1168 4284 1375 4347; x_wconf 89' lang='lat' dir='ltr'><strong>cultui</strong></span> <span class='ocrx_word' id='word_1_275' title='bbox 1437 4282 1652 4353; x_wconf 89' lang='lat' dir='ltr'><strong>Sancti</strong></span> <span class='ocrx_word' id='word_1_276' title='bbox 1716 4285 2030 4365; x_wconf 82' lang='lat' dir='ltr'><strong>Alphonsi</strong></span> <span class='ocrx_word' id='word_1_277' title='bbox 2091 4283 2340 4348; x_wconf 85' lang='lat' dir='ltr'><strong>Mariae</strong></span> <span class='ocrx_word' id='word_1_278' title='bbox 2391 4286 2468 4346; x_wconf 91' lang='lat' dir='ltr'><strong>de</strong></span> <span class='ocrx_word' id='word_1_279' title='bbox 2527 4282 2787 4363; x_wconf 84' lang='lat' dir='ltr'><strong>Ligorio</strong></span> 
     </span>
     <span class='ocr_line' id='line_1_39' title="bbox 907 4374 2953 4444; baseline 0.002 -5"><span class='ocrx_word' id='word_1_280' title='bbox 907 4379 1289 4443; x_wconf 84' lang='lat' dir='ltr'><strong>consulitur.</strong></span> <span class='ocrx_word' id='word_1_281' title='bbox 1459 4425 1474 4442; x_wconf 89' lang='lat'><strong>.</strong></span> <span class='ocrx_word' id='word_1_282' title='bbox 1646 4425 1662 4444; x_wconf 86' lang='lat'>.</span> <span class='ocrx_word' id='word_1_283' title='bbox 1831 4424 1844 4441; x_wconf 89' lang='lat'><strong>.</strong></span> <span class='ocrx_word' id='word_1_284' title='bbox 2017 4424 2031 4441; x_wconf 89' lang='lat'><strong><em>.</em></strong></span> <span class='ocrx_word' id='word_1_285' title='bbox 2203 4425 2218 4439; x_wconf 87' lang='lat'><strong>.</strong></span> <span class='ocrx_word' id='word_1_286' title='bbox 2387 4424 2401 4441; x_wconf 87' lang='lat'><strong>.</strong></span> <span class='ocrx_word' id='word_1_287' title='bbox 2573 4422 2588 4441; x_wconf 85' lang='lat'><em>.</em></span> <span class='ocrx_word' id='word_1_288' title='bbox 2759 4402 2790 4437; x_wconf 68' lang='lat' dir='ltr'><strong>&gt;a</strong></span> <span class='ocrx_word' id='word_1_289' title='bbox 2831 4374 2953 4443; x_wconf 83' lang='lat'><strong>336</strong></span> 
     </span>
    </p>
   </div>
  </div>
 </body>
</html>
