3292 5275
2249 486 2400 576 201¹

306 660 391 711 ac
448 634 817 720 iustitiae,
874 650 959 707 co
1014 632 1421 707 demissione
1500 624 1840 729 ohofflQulo
1897 651 1974 707 se
2027 636 2408 709 subiiciaut

302 752 598 831 Nostrae
629 806 651 843 ,
702 757 1197 849 legitimaeque
1251 754 1760 827 ecclesiasticae
1825 754 2280 843 auctoritati3
2333 768 2407 830 et

296 878 605 971 lapidem
650 875 1067 949 offensionis
1097 924 1120 961 ,
1164 898 1385 972 quem
1448 898 1575 950 sua
1656 874 1902 967 agendi
1955 874 2222 949 ratione
2276 897 2408 968 pu-

298 999 481 1070 sillis
544 998 995 1081 obiecerunt,
1062 996 1500 1071 obedientiae
1580 1016 1753 1071 suae
1833 1006 1908 1071 et
1981 996 2404 1071 humilitatis

298 1121 628 1212 exemplo
685 1120 925 1191 tollere
960 1118 1279 1191 nitantur
1314 1138 1353 1189 e
1393 1117 1641 1204 medio,
1680 1111 2037 1211 Nobisque
2075 1116 2178 1189 sic
2211 1129 2406 1210 opta-

292 1239 647 1311 tissimam
701 1238 963 1311 faciant
1014 1244 1434 1330 potestatem
1490 1246 1778 1331 paterno
1815 1257 2060 1309 rursus
2109 1258 2234 1311 eos
2284 1259 2406 1311 ex-

291 1358 607 1452 cipiendi
659 1358 1047 1450 complexu.

512 1472 652 1550 Vos
706 1486 967 1562 autem,
1022 1478 1140 1570 qui
1194 1478 1363 1550 lieet
1419 1478 1932 1550 difficultatibus
1995 1487 2069 1549 et
2128 1477 2404 1570 pericu·

290 1597 383 1670 lis
437 1598 941 1692 circumsepti,
997 1596 1393 1689 perstitistis
1450 1596 1743 1681 immoti,
1798 1598 1882 1669 ab
1939 1598 2229 1670 istorum
2291 1597 2402 1670 di-

289 1716 623 1792 scrimine
677 1719 929 1790 moniti
979 1713 1217 1793 videte
1280 1718 1623 1813 quomodo
1699 1726 1907 1791 caute
1983 1717 2346 1791 ambuletis
2375 1770 2398 1807 ‚

288 1838 791 1945 confirmamini
831 1841 902 1911 in
939 1838 1075 1912 fide
1112 1850 1371 1924 vestra,
1402 1840 1904 1934 obsequentius
1941 1860 2209 1933 semper
2243 1840 2400 1914 obe-

286 1960 441 2033 dite
498 1958 907 2054 praepositis
984 1960 1232 2033 vestris
1268 2010 1289 2044 ‚
1375 1981 1720 2033 memores
1763 2008 1784 2045 ,
1843 1980 2114 2034 omnem
2191 1972 2398 2054 pote-

286 2092 577 2164 statem,
630 2079 920 2152 maxime
972 2101 1143 2154 wo
1184 2102 1489 2167 sacram,
1528 2100 1702 2153 Jesse
1736 2102 1776 2152 a
1813 2076 1986 2155 Deo:
2041 2092 2116 2154 et
2169 2104 2209 2154 a
2263 2084 2400 2155 sol-

286 2200 657 2275 licitudine
693 2195 945 2274 Nostra
1000 2200 1367 2296 studioque
1422 2212 1696 2275 vestrae
1751 2202 1996 2275 salutis
2034 2213 2107 2274 et
2137 2204 2400 2276 utilita-

292 2322 387 2393 tis
440 2322 765 2406 excitati,
822 2322 1061 2395 sedulo
1116 2323 1349 2395 fovete
1396 2324 1467 2395 in
1506 2322 1706 2396 vobis
1761 2322 2150 2417 religiosam
2205 2324 2396 2397 illam

280 2440 809 2513 observantiam
844 2488 867 2525 ,
924 2462 1065 2535 qua
1130 2454 1439 2515 sanctam
1496 2438 1749 2516 Sedem
1832 2445 2393 2536 prosequimini,

280 2571 362 2635 et
412 2561 694 2634 filialem
748 2561 940 2634 illam
996 2562 1390 2647 caritatem,
1439 2585 1574 2657 qua
1630 2562 1992 2655 iungimini
2033 2558 2394 2645 NohiS,·ut

278 2701 511 2757 unum
549 2701 823 2776 semper
844 2677 1232 2760 Nobiscum
1266 2701 1420 2756 esse
1444 2685 1740 2778 possitis
1765 2684 1850 2756 -in
1885 2679 2169 2758 Christo
2203 2680 2390 2768 Iesu,

276 2801 601 2896 Eiusque
654 2802 1037 2896 promereri
1072 2799 1617 2876 benedictiones.
1665 2801 1872 2877 ‘Haec
1919 2803 2117 2878 enixe
2171 2807 2394 2899 posei-

273 2941 439 2997 mus
502 2945 544 2997 a
602 2919 811 2996 Patre
898 2925 1529 2998 misericordiarum
1561 2970 1584 3008 ‚
1667 2927 1862 2998 cuius
1945 2927 2238 3017 gratiam
2311 2926 2389 3006 ‘in

276 3064 408 3116 vos
462 3063 701 3116 omnes
740 3041 1297 3116 affatim-effundi
1348 3043 1864 3120 desideramus.
1921 3039 2220 3138 Supcrni
2277 3069 2390 3120 ve-

276 3183 363 3236 ro
416 3165 677 3236 favoris
716 3163 1071 3257 auspicem
1127 3173 1198 3236 et
1253 3175 1585 3256 paternae
1623 3154 1910 3239 Nostrae
1951 3167 2394 3242 :benev-olen·-

272 3285 419 3356 tiae
462 3282 719 3376 pignus
772 3277 1245 3377 Apostolieam
1290 3281 1866 3358 ›Benedictionem
1915 3285 2127 3364 vobis
2181 3307 2388 3381 pera-

272 3413 551 3476 manter
602 3403 1064 3496 impertimus.

488 3515 745 3598 Datum
798 3519 1065 3596 Romae
1122 3527 1305 3618 apud
1382 3521 1457 3600 S.
1518 3520 1809 3602 Petrum
1860 3528 1998 3601 die
2053 3529 2380 3620 vigesima

268 3639 441 3716 Maii
498 3637 1027 3716 MDCGCLX'X.
1088 3639 1547 3722 pontificatus
1602 3639 1834 3721 Nostri
1889 3669 2076 3734 anno
2129 3645 2375 3722 XXIV.

1034 3881 1245 4016 PIYS
1294 3883 1435 3961 PP.
1482 3885 1613 3963 ⁷1x.
