3292 5275
2364 467 2462 548 17

344 601 545 674 facile
598 610 893 696 tutoque
946 603 1219 674 vadari.
1277 598 1728 696 Per-pensum
1781 627 2058 699 quoque
2114 606 2272 678 inde
2327 615 2466 696 est}
2505 617 2521 629 ’·

342 721 537 814 quoii
585 717 934 799 Dioccesis
986 718 1460 796 Nannetenais
1512 745 1662 816 pro.-
1699 735 2012 816 tempore
2065 719 2530 822 Antistites,2,

344 851 628 938 propter
681 845 855 916 haee
910 853 1127 937 atque
1154 845 1326 916 'alia
1380 865 1523 916 non
1578 846 1764 926 levis
1819 845 2152 937 ponderis
2205 836 2470 920 incom-
2519 933 2528 942 .

343 964 547 1036 moda
598 962 1403 1038 iamdiueonsueverint
1432 963 1767 1051 finitimae
1785 959 2173 1056 Pareeniae
2193 963 2289 1038 du
2311 963 2469 1042 Ma,-

346 1079 577 1156 rillais
612 1104 739 1175 pro
788 1094 1097 1175 tempore
1126 1081 1549 1159 [tectoribus
1590 1083 1878 1179 veniam
1922 1097 1999 1166 et
2055 1097 2534 1180 potestatem..

348 1205 573 1274 facere
610 1203 1051 1294 spiritualem
1122 1202 1802 1290 administrationem
1876 1225 2089 1297 super
2155 1205 2511 1300 ipsarum.-

350 1319 741 1396 lnsularum
798 1325 969 1394 locis
1027 1336 1237 1416 atque
1296 1322 1539 1394 incolis
1596 1325 1996 1396 exercendi.

558 1439 792 1532 Quare
822 1441 1137 1516 omnibus
1166 1465 1345 1536 quac
1385 1444 1457 1514 in
1498 1439 1565 1513 id
1604 1445 2240 1518 animadvertenda
2271 1460 2470 1521 erant

350 1575 621 1637 maturo
676 1563 964 1637 consilio
1018 1565 1381 1656 perpensis
1414 1615 1439 1651 ‚
1497 1559 1850 1636 Sanctitas
1909 1559 2056 1638 Sua
2135 1589 2271 1640 non
2345 1570 2470 1643 du-

349 1680 601 1756 bitavit
654 1683 956 1774 benigno
1012 1687 1336 1778 prosequi
1416 1683 1653 1757 favore
1733 1684 2286 1775 supplicationes
2361 1692 2465 1762 uti

354 1809 565 1896 snpra
604 1803 1172 1891 commendatas;
1211 1814 1420 1898 atque
1461 1805 1633 1876 adeo
1672 1805 1956 1896 dignata
1993 1815 2104 1877 est
2139 1825 2230 1879 ex
2277 1820 2470 1882 certa

352 1921 671 2006 scientia,
727 1935 1054 2017 motuque
1110 1925 1331 1996 veluti
1392 1925 1676 2016 proprio
1715 1925 1887 1996 haec
1923 1947 2108 2018 quae
2150 1947 2472 2020 sequun-

354 2056 473 2117 tur
527 2043 599 2113 in
655 2041 951 2116 decretis
1008 2043 1369 2127 mandare,
1430 2041 1974 2138 Apostolicaque
2013 2042 2158 2118 Sua
2199 2044 2472 2122 Aucto-

354 2159 585 2236 ritatis
642 2163 1080 2258 plenitudine
1136 2164 1641 2236 inviolabiliter
1685 2165 1996 2236 sancire.

1391 2399 1435 2512 Ι.

566 2642 673 2719 Ac
726 2644 945 2737 primo
1000 2654 1231 2719 ratum
1286 2654 1799 2739 acceptumque
1845 2646 2060 2721 habet
2096 2642 2474 2721 Sanctissi-

353 2788 524 2843 mus
554 2763 879 2839 Pontifex
918 2786 1335 2842 consensum
1392 2788 1599 2859 quem
1661 2766 1753 2839 ad
1802 2767 1936 2840 hoc
1975 2768 2340 2857 negotium
2371 2770 2508 2879 εις-,ξ

354 2886 737 2961 ficientium
770 2884 1213 2959 laudabiliter
1250 2888 1714 2964 contulerunt
1753 2886 2074 2962 hodierni
2113 2883 2510 2999 praesules

358 3018 505 3081 tum
558 3004 915 3083 Ecclesiae
969 3000 1451 3082 Nannetensis
1505 3002 1593 3075 R.
1637 3002 1726 3075 Ρ
1762 3002 1846 3076 D.
1916 3002 2263 3081 Antonius
2323 2958 2510 3098 Met-‘3

362 3128 541 3203 thius
577 3126 1001 3219 laguement,
1030 3136 1175 3197 tum
1210 3127 1505 3199 alterius
1546 3122 1908 3199 Ecclesiae
1951 3123 2476 3219 Andagavensis

357 3248 447 3323 R.
476 3244 557 3323 P.
592 3244 681 3321 D.
738 3244 1151 3321 Guillelmus
1202 3242 1633 3319 Laurentius
1691 3243 2106 3341 Angebault,
2148 3249 2474 3339 suppleto

360 3368 797 3463 ceteroquin,
854 3390 939 3439 cx
995 3366 1425 3458 plenitudine
1482 3362 1925 3468 :apostolicae
1985 3361 2168 3464 Suae
2232 3378 2476 3443 aucto-

360 3489 635 3573 ritatis,
693 3508 1037 3563 consensu
1102 3487 1404 3559 aliorum
1472 3504 2074 3581 quorumcumque
2137 3486 2494 3586 interesse3

360 3610 795 3696 habentium,
825 3610 943 3682 vel
996 3605 1526 3700 quomodolibet
1562 3606 1820 3679 habere
1855 3608 2472 3699 praesumentium.

2319 3772 2454 3838 :.‘

1372 3842 1447 3938 ΙΙΙ

574 4086 897 4163 Secundo
960 4107 1129 4159 vero
1185 4078 1573 4157 Territoria
1632 4032 2492 4179 praedictarum⁸⁴lnsulass¹

363 4232 517 4284 rum
575 4204 839 4282 Paulas
892 4219 964 4281 et
1018 4228 1166 4279 aux
1222 4180 1563 4301 Bev·gje'{res
1618 4206 1704 4275 ab
1769 4207 2122 4279 ordinaria
2189 4206 2480 4279 iurisdi-

362 4334 601 4407 ctione
654 4326 983 4425 Episcopi
1041 4324 1505 4433 Nannettensis
1560 4328 1844 4419 penitus
1881 4328 2312 4421 eximantur,
2349 4347 2480 4418 pe-

1999 4453 2050 4533 2
2131 4441 2136 4449 ,
