3292 5275
2201 468 2366 561 ΜΩ

236 618 474 693 fuisse.
533 614 761 691 Unum
814 616 1003 693 enim
1054 614 1413 693 Simonem
1444 667 1469 704 ,
1524 620 1641 693 cui
1721 621 1864 693 iam
1917 620 2191 713 pridem
2243 620 2366 692 ‹li-

236 752 486 813 xerat:
528 736 637 813 Tu
676 740 1047 813 vocaberis
1082 737 1357 833 Cephas
1394 731 1537 839 (1),
1578 750 1954 835 postquam
2008 740 2128 811 ille
2165 758 2364 813 suam

234 860 457 957 eglidit
510 861 1023 933 contessionem
1076 859 1441 955 inquiens:
1496 857 1603 936 Tu
1642 880 1720 933 es
1756 856 2104 947 Christus,
2143 855 2368 933 Filius

236 978 371 1054 Dei
432 980 625 1067 vivi,
682 979 1113 1055 solemnibus
1187 982 1301 1053 his
1354 981 1593 1054 verbis
1649 981 1998 1055 allowtus
2051 989 2162 1053 est
2213 975 2370 1052 Do·-

232 1101 501 1175 minus:
542 1097 805 1173 Beatus
839 1120 917 1175 cs
955 1097 1197 1175 Simon
1244 1096 1631 1174 Bar-lona:
1669 1101 1834 1195 quia
1871 1118 2062 1188 caro,
2099 1108 2174 1174 et
2210 1117 2374 1173 san-
2481 1154 2484 1159 -

237 1220 397 1314 guis
481 1240 625 1293 non
699 1223 1042 1296 revolavit
1098 1221 1271 1308 tibi,
1326 1222 1451 1293 sed
1506 1218 1722 1294 Patet
1775 1238 1971 1295 meus
2001 1262 2024 1302 ,
2083 1223 2206 1315 qni
2292 1222 2368 1292 in

237 1342 455 1415 coelis
509 1353 641 1415 est:
698 1354 771 1414 et
822 1363 952 1433 ego
1009 1341 1167 1415 dico
1226 1343 1383 1427 tibi,
1442 1342 1748 1437 quiam
1811 1363 1889 1415 es
1943 1338 2242 1429 Petrus,
2295 1354 2372 1415 et

236 1486 457 1557 super
511 1463 691 1535 hanc
748 1474 1027 1555 petram
1088 1462 1475 1537 aedificabo
1530 1460 1916 1535 Ecclesiam
1970 1484 2240 1549 meam,
2296 1473 2372 1536 et

238 1597 489 1677 portae
540 1582 745 1655 inferi
828 1602 971 1655 non
1050 1584 1572 1676 praevalebunt
1626 1582 1966 1657 adversus
2019 1604 2216 1655 eam:
2299 1595 2374 1656 et

240 1703 377 1775 tibi
442 1702 623 1776 dabo
686 1705 931 1777 claves
990 1701 1185 1797 regni
1254 1702 1658 1777 coelorum:
1727 1712 1804 1773 et
1871 1702 2372 1797 quodcumque

240 1824 581 1915 ligaveris
656 1844 870 1915 super
934 1833 1223 1907 terram,
1288 1826 1425 1895 erit
1488 1824 1780 1913 ligatum
1841 1834 1916 1895 et
1969 1824 2046 1895 in
2125 1825 2368 1897 coelis:

240 1956 317 2017 et
372 1944 863 2037 quodcumque
917 1942 1211 2016 solveris
1267 1965 1476 2037 super
1530 1954 1822 2027 terram,
1865 1944 2002 2015 erit
2058 1945 2368 2018 solutum

242 2077 321 2138 et
366 2063 443 2135 in
500 2066 725 2137 coelis
776 2057 910 2161 (2).
988 2063 1223 2157 Atque
1284 2066 1411 2139 uni
1459 2060 1732 2138 Simoni
1797 2060 2012 2137 Petro
2065 2066 2370 2139 contulit

244 2183 449 2258 lesus
506 2196 667 2277 post
722 2202 913 2259 suam
968 2186 1561 2258 resurrectionem
1624 2186 1876 2259 summi
1933 2187 2240 2277 pastoris
2300 2198 2378 2259 et

248 2306 549 2377 rectoris
588 2304 1141 2379 iurisdictionem
1196 2305 1269 2378 in
1310 2316 1541 2379 totum
1578 2326 1782 2378 suum
1827 2303 2048 2389 ovile,
2103 2304 2376 2381 dicens=

248 2421 476 2498 Pasce
514 2444 733 2519 agnos
766 2446 1007 2497 meos:
1062 2420 1291 2501 Pasce
1328 2445 1503 2499 oves
1558 2444 1756 2497 meas
1809 2418 1944 2523 (3).
1999 2420 2182 2499 Huic
2233 2428 2378 2500 tam

246 2547 673 2619 manifestae
746 2562 1109 2619 sacrarum
1158 2541 1694 2636 Scripturarum
1749 2546 2134 2631 doctrinae,
2171 2558 2254 2621 ut
2287 2548 2380 2621 ab

246 2663 575 2740 Ecclesia
630 2667 983 2740 catholica
1048 2683 1326 2760 semper
1366 2669 1726 2741 intellecta
1777 2677 1921 2756 est,
1961 2679 2206 2762 aperte
2251 2689 2379 2764 op-

248 2798 618 2882 ponuntur
658 2809 920 2880 pravae
976 2805 1237 2860 eorum·
1277 2791 1698 2875 sententiae,
1737 2789 1863 2883 qni
1921 2791 2380 2863 constitutam

248 2933 294 2982 a
331 2907 619 2982 Christo
674 2904 975 2982 Domino
1034 2908 1109 2980 in
1148 2931 1275 2981 sua
1323 2906 1645 2984 Ecclesia
1683 2911 2040 3004 regiminis
2087 2913 2382 2985 formam

250 3039 743 3125 pervertentes
808 3039 1099 3120 negant,
1170 3030 1399 3102 solum
1458 3027 1780 3104 'Petrum
1844 3053 2012 3124 prae
2053 3035 2382 3107 caeteris

250 3147 638 3242 Apostolis,
676 3150 832 3223 sive
872 3170 1191 3222 seorsum
1232 3149 1526 3241 singulis
1562 3149 1718 3227 sive
1755 3153 2086 3226 omnibus
2143 3155 2382 3237 simul,

252 3291 433 3342 vero
470 3269 891 3365 proprioque
932 3269 1429 3346 iurisdictionis
1466 3273 1771 3365 primatu
1829 3270 2048 3347 fuisse
2105 3293 2145 3347 a
2181 3271 2386 3347 Chri-

256 3401 368 3464 sto
427 3387 875 3480 instructum3
938 3402 1062 3462 aut
1116 3387 1238 3484 qui
1292 3395 1668 3479 affirmant,
1725 3395 2054 3468 eumdem
2119 3396 2384 3490 prima·-

256 3523 409 3583 tum
472 3530 615 3582 non
690 3509 1113 3596 immediate,
1178 3510 1584 3607 directeque
1656 3511 1790 3607 ipsi
1865 3515 2074 3589 beato
2136 3511 2382 3601 Petr0‚

260 3631 378 3705 sed
440 3626 825 3718 Ecclesiae,
890 3643 966 3704 et
1028 3653 1152 3726 per
1200 3631 1378 3706 hanc
1442 3632 1545 3708 illi
1604 3646 1689 3707 ut
1743 3633 1970 3728 ipsius
2020 3629 2384 3711 Ecclesiae

259 3754 583 3826 ministro
648 3751 953 3828 delatum
1019 3753 1256 3825 fuisse.

474 3869 553 3948 Si
609 3873 769 3970 quis
826 3873 1043 3964 igitur
1080 3873 1364 3960 dixerit,
1404 3873 1692 3950 beatum
1731 3869 2030 3952 Petrum
2087 3873 2386 3974 Aposto-

420 4163 503 4248 (1)
544 4160 721 4230 loan.
768 4159 817 4228 1.
861 4159 961 4232 42.

420 4259 506 4342 (2)
548 4258 783 4324 Matth.
828 4257 1004 4325 xvl.
1048 4253 1259 4328 16-19.

421 4351 507 4440 (3)
550 4351 727 4422 loen.
773 4351 953 4421 XXI.
995 4350 1201 4422 15-17.

1837 4463 1961 4552 u
