3292 5275
850 481 1007 562 334

852 625 969 694 tali
1026 619 1270 695 Sancti
1329 616 1626 713 Iosepbi‚
1683 640 1893 714 quam
1949 621 2026 690 in
2079 617 2218 692 alio
2273 614 2506 711 Ipsius
2543 615 2956 698 Patrocinii,

850 744 1123 818 etiamsi
1174 753 1543 816 occurrant
1622 749 1820 812 extra
1875 735 2310 812 Dominicam
2381 737 2592 824 diem,
2655 737 2958 813 addatur

846 883 1125 957 semper
1178 863 1253 932 in
1306 857 1517 934 Missa
1575 855 1990 954 Symbolum
2071 879 2200 932 seu
2263 881 2298 929 α
2340 852 2568 930 Credo
2609 881 2642 926 a
2663 911 2678 928 .
2741 854 2960 936 volu-

846 1005 1001 1058 mus
1054 985 1339 1074 insuper
1392 982 1582 1076 quod
1619 983 1694 1052 in
1729 983 2046 1054 oratione
2109 1004 2144 1052 α
2189 975 2250 1052 Α
2305 981 2583 1052 cunctis
2627 1003 2662 1048 ιι
2727 1002 2960 1074 quan-

842 1107 1233 1197 documque
1285 1102 1644 1174 recitanda
1682 1099 1844 1184 erit,
1883 1101 2256 1174 adiicietur
2309 1119 2586 1192 semper
2639 1112 2798 1192 post
2852 1102 2960 1174 in-

848 1226 1291 1300 vocationem
1343 1218 1605 1296 Beatae
1661 1217 1922 1294 Mariae
1974 1216 2284 1314 Virginis
2319 1268 2340 1304 ,
2397 1232 2472 1292 et
2525 1233 2686 1294 ante
2741 1243 2960 1315 quos-

846 1365 1143 1440 cumque
1198 1344 1371 1416 alios
1426 1354 1708 1416 sanctos
1742 1338 2114 1425 Patronos,
2155 1338 2473 1433 exceptis
2509 1337 2827 1433 Angelis,
2881 1355 2956 1417 et

848 1463 1109 1539 Sancto
1162 1460 1421 1539 Ioanne
1488 1457 1804 1554 Baptista
1839 1510 1862 1546 ‚
1919 1463 2482 1534 commemoratio
2545 1457 2622 1534 S.
2680 1459 2960 1556 losephi

850 1607 975 1681 per
1028 1586 1199 1658 haec
1254 1583 1469 1656 verba
1514 1607 1551 1650 α
1594 1603 1748 1654 cum
1783 1576 2000 1653 Beato
2055 1577 2304 1672 loseph
2348 1605 2415 1650 a.
2460 1575 2798 1656 Volumus
2835 1584 2960 1656 de·-

848 1706 1067 1800 nique
1116 1715 1195 1776 ut
1246 1704 1379 1777 hoc
1454 1703 1607 1794 ipso
1691 1702 1938 1774 ordine
2013 1712 2300 1774 servato
2373 1701 2558 1774 inter
2611 1697 2959 1794 Suffragia

847 1821 1293 1906 Sanctorum,
1348 1823 1928 1916 quandocumque
1985 1822 2106 1894 illa
2163 1843 2204 1894 a
2261 1819 2556 1893 rubricis
2611 1825 2961 1914 praescri-

846 1949 1135 2030 buntur,
1176 1953 1581 2037 apponatur
1634 1963 1934 2036 sequens
1987 1943 2556 2016 commemoratio
2612 1943 2684 2014 in
2741 1943 2964 2016 hono-

846 2088 997 2140 rem
1030 2063 1265 2138 Sancti
1298 2061 1603 2155 Iosephi.
1638 2058 1794 2160 (Ad
1825 2056 2174 2154 Vesperas
2204 2057 2656 2161 Antiphona)
2697 2086 2732 2134 α
2773 2057 2960 2138 Eece

850 2211 889 2260 »
952 2185 1179 2259 fidelis
1234 2205 1481 2280 servus
1536 2196 1610 2256 et
1665 2183 1996 2276 prudenS,
2033 2203 2240 2277 quem
2296 2181 2661 2256 constituit
2717 2179 2964 2258 Domi-

852 2331 889 2378 »
952 2327 1089 2380 nus
1138 2327 1345 2398 super
1394 2300 1724 2376 familiam
1779 2323 1978 2376 suam
2012 2339 2055 2356 -
2107 2295 2188 2391 xi.
2249 2299 2488 2376 Gloria
2543 2315 2616 2374 et
2669 2303 2961 2378 divitiae

851 2452 888 2499 »
952 2429 1029 2501 in
1064 2427 1273 2502 domo
1309 2425 1465 2500 eius
1499 2417 1577 2522 ις).
1610 2419 1701 2496 Et
1739 2424 2006 2497 iustitia
2041 2423 2192 2498 eius
2227 2436 2464 2496 manet
2503 2421 2568 2494 in
2607 2425 2960 2498 saeculum

853 2572 890 2619 »
956 2549 1237 2622 saeculi.
1282 2541 1451 2645 (Ad
1492 2541 1768 2618 Laudes
1807 2540 2212 2640 Antipbona
2243 2541 2293 2643 ):
2352 2540 2504 2640 Ipse
2559 2541 2752 2617 lesus
2807 2559 2964 2620 erat

854 2694 891 2741 ιι
954 2670 1293 2763 incipiens
1344 2667 1547 2760 quasi
1585 2668 2262 2761 annorum‘triginta
2315 2678 2392 2738 ut
2447 2668 2823 2759 putabatur
2877 2668 2964 2741 fi-

854 2814 891 2861 »
955 2786 1085 2861 lius
1140 2783 1409 2881 loseph.
1470 2780 1553 2873 ἦ.
1611 2780 1712 2858 Os
1769 2786 1939 2859 iusti
1991 2787 2440 2861 meditabitur
2521 2789 2958 2881 sapientiam.

854 2933 891 2980 »
960 2904 1042 3006 r).
1086 2906 1182 2981 Et
1238 2906 1309 2979 in
1364 2904 1599 2998 lingua
1638 2908 1790 2979 eius
1844 2907 2172 3001 loquetur
2211 2906 2550 2981 iudicium
2584 2931 2619 2976 ιι
2659 2902 2962 3007 (Oratio)

854 3054 893 3103 a
954 3026 1143 3104 Deus
1177 3076 1198 3113 ‚
1254 3026 1376 3123 qui
1432 3026 1772 3101 ineffabili
1857 3026 2300 3121 pro-videntia
2353 3022 2654 3101 Beatum
2709 3023 2964 3123 loseph

853 3175 890 3222 »
954 3146 1449 3223 Sanctissimae
1503 3144 1888 3221 Genitrieis
1941 3161 2102 3223 tuae
2155 3168 2494 3241 sponsum
2545 3147 2802 3241 eligere
2857 3151 2966 3223 di-

854 3295 891 3343 »
954 3284 1205 3363 gnatus
1254 3292 1327 3343 es
1358 3316 1385 3355 ,
1438 3278 1716 3365 praesta
1772 3288 2198 3363 quaesumus
2229 3316 2251 3355 ‚
2315 3282 2393 3343 ut
2459 3291 2668 3366 quem
2725 3285 2966 3365 prote-

854 3415 891 3465 »
954 3402 1221 3467 ctorem
1276 3408 1698 3465 veneramur
1753 3390 1828 3463 in
1885 3391 2112 3476 terris,
2167 3390 2698 3465 intercessorem
2753 3392 2966 3467 liabe-

854 3538 891 3585 »
954 3534 1033 3587 re
1086 3530 1479 3588 mereamur
1532 3510 1605 3583 in
1661 3510 1872 3585 caelis
1915 3533 1980 3581 ».
2037 3505 2230 3585 Haec
2279 3512 2634 3601 volumus»,
2669 3512 2968 3589 manda-

847 3654 1028 3723 mus,
1062 3635 1523 3709 decernentes
1558 3633 1688 3705 bas
1709 3626 2032 3707 Litteras
2069 3624 2360 3707 Nostros
2412 3630 2648 3707 firmas
2695 3633 2968 3711 validas

732 3778 741 3789 ·
850 3761 925 3829 et
976 3757 1285 3829 efficaces
1366 3754 1673 3827 existere
1735 3762 1808 3827 et
1863 3753 2058 3841 iore,
2109 3774 2405 3848 suosque
2473 3755 2827 3849 plenarios
2887 3770 2966 3831 et

849 3870 1159 3967 integros
1212 3874 1505 3949 effectus
1562 3876 1801 3949 sortiri
1839 3885 1914 3947 et
1949 3876 2290 3959 obtinere,
2332 3895 2472 3948 non
2523 3876 2966 3955 obstantibus

851 3990 1487 4071 Constitutioaibus
1538 4006 1611 4069 et
1665 3991 2242 4069 ordinationibus
2295 3990 2720 4089 Apostolieis
2772 4008 2968 4071 cete-

852 4115 1093 4210 risque
1142 4117 1521 4191 contrariis
1574 4116 2149 4211 quibuscumque.
2207 4110 2544 4189 Volumus
2595 4126 2832 4190 autem
2885 4130 2970 4192 ut

857 4235 1329 4329 praesentium
1382 4236 1832 4330 transumptis
1885 4232 2314 4309 Litterarum
2347 4282 2370 4321 ‚
2429 4258 2556 4311 seu
2617 4230 2968 4333 exemplis

854 4358 1069 4433 etiam
1126 4357 1507 4455 impressis,
1560 4376 1772 4433 manu
1829 4354 2120 4433 alicuius
2157 4352 2424 4431 Notarii
2474 4357 2738 4455 publici
2793 4360 2968 4435 sub-
