3292 5275
2265 460 2414 543 185

303 598 944 672 communicaturos
1001 620 1156 671 cum
1213 598 1332 681 iis,
1383 599 1502 693 qui
1557 600 1630 671 in
1688 600 2013 690 gradibus
2068 584 2419 673 inferiori·-

303 719 435 791 bus
475 729 868 802 versantur,
911 718 1174 812 aliquid
1229 720 1412 814 quod
1471 719 1558 790 ad
1614 720 1861 812 gradus
1919 722 2267 813 pertineat
2305 743 2417 794 su·-

305 840 664 931 periotes:
723 840 1068 913 obducere
1107 860 1184 913 se
1220 842 1476 932 passim
1541 840 2045 913 beneficentiae
2083 853 2155 913 et
2190 842 2417 915 mutui

309 958 554 1031 auxilii
611 962 820 1036 velot
879 972 952 1033 et
1009 962 1327 1033 incautos
1386 972 1595 1055 atque
1652 962 2013 1054 imperitos
2070 963 2269 1035 facile
2306 962 2424 1035 de-

309 1080 453 1172 cipi
505 1082 738 1173 specie
794 1078 994 1153 fictae
1033 1082 1470 1155 honestatis:
1519 1081 2040 1155 misericordiae
2076 1084 2421 1156 rationem

300 1220 472 1273 eum
529 1201 832 1292 prodigis
889 1198 1044 1273 istis
1101 1201 1284 1288 filiis,
1323 1223 1614 1295 quorum
1655 1200 2036 1293 perniciem
2072 1202 2417 1294 deploras,

289 1312 752 1391 -Venerabilis
789 1316 1070 1405 Frater,
1113 1320 1488 1395 ineundam
1525 1328 1677 1393 esse
1716 1343 2109 1405 censemus,
2149 1332 2233 1396 ut
2268 1325 2420 1397 eius

315 1441 660 1511 suavitate
715 1440 932 1513 illecti
973 1462 1016 1513 a
1054 1443 1376 1533 pessimis
1414 1444 1550 1513 viis
1589 1442 1739 1514 suis
1796 1443 2036 1536 pedem
2093 1441 2425 1525 referant,

293 1570 391 1630 ·et
441 1561 532 1631 ad
583 1564 880 1633 matrem
927 1580 1127 1634 suam
1181 1558 1594 1647 Ecclesiam,
1654 1585 1699 1635 a
1750 1572 1891 1655 qua
1948 1562 2249 1636 seiuncti
2305 1563 2424 1635 vi·-

317 1692 498 1751 vnnt
530 1728 552 1765 ,
609 1686 1081 1753 revertantur.
1137 1678 1380 1773 ltaque
1432 1704 1795 1766 memores,
1848 1678 1988 1755 Nos
2042 1678 2219 1755 Eius
2271 1680 2423 1755 vice

321 1800 516 1891 fungi
567 1802 697 1895 qui
746 1822 884 1874 uon
940 1802 1142 1875 venit
1199 1810 1458 1877 voc'are
1513 1803 1733 1875 iustos
1789 1802 1909 1875 sed
1967 1814 2372 1895 peccatores
2403 1849 2424 1886 ‚

323 1922 674 2013 sequenda
727 1944 1092 1997 censemus
1129 1922 1426 2014 vestigia
1463 1924 1737 1997 laudati
1771 1902 2163 1998 decessoris
2206 1922 2427 1995 nostri

321 2034 582 2113 laconis
619 2037 772 2112 ΧΠ.
811 2050 884 2115 et
924 2044 1416 2135 suspendimus
1454 2044 1715 2115 idcirco
1753 2044 1845 2115 ad
1880 2044 2225 2132 integrum
2264 2041 2430 2111 anni

327 2163 660 2253 spatium,
695 2174 1054 2257 postquam
1107 2163 1242 2240 bae
1293 2158 1588 2237 Nostrae
1643 2165 1917 2235 litterae
1970 2163 2431 2241 innotuerint,

325 2284 874 2356 reservationem
909 2290 1380 2374 censurarum,
1411 2286 1480 2357 in
1535 2306 1709 2378 quas
1746 2286 1959 2359 sectis
1996 2283 2131 2357 illis
2178 2300 2431 2365 nomen

323 2404 574 2475 dantes
631 2406 1026 2479 inciderunt
1059 2454 1082 2489 ,
1140 2416 1446 2501 eosque,
1499 2406 1777 2479 absolvi
1834 2407 1919 2477 ab
1972 2406 2061 2478 iis
2115 2405 2429 2477 censuris

283 2566 304 2575 -
325 2544 532 2618 posse
587 2526 1026 2599 concedimus
1083 2550 1124 2601 a
1175 2546 1624 2621 quocumque
1684 2526 2121 2625 „confessario
2148 2572 2172 2607 ‚
2226 2526 2430 2600 modo

227 2697 236 2708 .
327 2647 418 2717 sit
471 2652 564 2719 e'x
617 2669 852 2720 eorum
907 2669 1240 2732 numero,-
1273 2650 1396 2740 qui
1451 2670 1494 2722 a
1545 2648 1881 2731 locorum,
1920 2647 1987 2719 in
2022 2648 2279 2741 quibus
2314 2647 2437 2720 de·-

293 2781 500 2861 .gunt
530 2815 552 2854 ,
605 2764 996 2842 Ordinariis
1049 2770 1416 2861 approbati
1473 2781 1661 2844 sunt.
1692 2765 1897 2857 Quod
1934 2771 1995 2841 si
2048 2791 2275 2862 neque
2300 2769 2433 2843 hoc

328 2890 736 2962 clementiae
769 2891 1174 2962 remedium
1229 2901 1466 2962 sontes
1503 2911 1546 2962 a
1585 2891 1851 2962 nefario
1906 2901 2159 2984 coepto
2210 2889 2437 2962 deter-

327 3021 476 3084 reat
527 3020 600 3082 et
653 3032 698 3082 a
751 3012 1168 3100 gravissimo
1223 3033 1352 3084 suo
1384 3009 1681 3084 crimine
1720 3011 2080 3099 retrahat3
2118 3009 2435 3084 volumus

330 3141 438 3215 ut,
493 3131 680 3203 dicto
733 3133 944 3205 unius
1001 3133 1164 3204 anni
1221 3133 1450 3225 spatio
1515 3131 1778 3222 elapso,
1820 3132 2005 3205 illico
2058 3133 2437 3206 reviviscat

331 3251 716 3326 reservatio
769 3273 1251 3338 censurarum,
1310 3270 1510 3344 quas:
1537 3247 1939 3344 Apostolica
2010 3248 2259 3324 Nostra
2314 3273 2440 3326 au-

331 3372 656 3446 ctoritate
707 3374 942 3448 denuo
977 3373 1500 3456 confirmamus,
1539 3373 1799 3447 diserte
1848 3373 2285 3448 declarantes
2322 3360 2441 3448 ne·

332 3493 592 3569 minem
649 3515 932 3586 prorsus
987 3514 1077 3566 ex
1128 3495 1457 3567 harumce
1512 3495 1920 3568 societatum
1962 3494 2263 3588 ‘adeptis
2318 3493 2445 3568 im-

337 3631 622 3688 munem
677 3636 830 3688 esse
867 3616 950 3688 ab
978 3615 1134 3688 istis
1187 3617 1432 3708 poenis
1487 3615 1967 3706 spiritualibus
2002 3635 2443 3708 quocumque

339 3735 662 3816 obtentu,
691 3739 842 3810 sive
878 3747 1182 3810 assertae
1241 3758 1412 3810 suae
1467 3737 1693 3810 bonae
1730 3735 1921 3820 fidei,
1949 3737 2109 3816 sive
2135 3737 2447 3811 exstrin-

339 3874 542 3930 secae
595 3859 852 3952 speciei
905 3857 1264 3949 probitatis
1294 3905 1316 3944 ,
1369 3879 1576 3950 quam
1650 3857 1939 3931 eaedem
1992 3867 2227 3932 sectae
2280 3877 2449 3950 pro-

347 3979 538 4050 ferre
565 3979 956 4066 videantur,
983 3999 1066 4052 ac
1094 3986 1466 4071 propterea
1489 3993 1731 4052 omnes
1761 3977 2047 4052 omnino
2084 3979 2163 4050 in
2200 3977 2446 4053 eodem

344 4098 612 4172 versari
667 4111 994 4172 aeternae
1049 4097 1515 4172 damnationis
1565 4096 1897 4192 periculo,
1926 4099 2173 4174 donec.
2200 4099 2449 4175 buius-

343 4219 528 4292 modi
603 4220 1048 4292 societatibus
1121 4221 1572 4302 adhaereant,
1627 4215 2003 4294 Praeterea
2077 4241 2247 4294 vero
2300 4222 2451 4314 ple-

347 4361 504 4420 nam
563 4343 688 4416 tibi
745 4352 1166 4442 potestatem
1221 4343 1512 4420 tacimus
1554 4342 1969 4440 procedendi
2008 4345 2201 4420 iuxta
2234 4365 2451 4422 cano-
