3292 5275
2284 476 2435 560 119

315 642 352 687 n
413 618 628 705 cellit,
683 618 752 691 in
805 618 1010 691 cuius
1073 620 1502 692 confessione
1565 640 1807 693 omnes
1867 618 2107 694 mundi
2162 620 2431 715 requie-

308 764 348 809 »
413 749 621 819 scunt
673 740 1012 813 ecclesiae
1071 734 1205 837 (1).
1257 764 1292 808 n
1684 814 1691 823 ,

405 852 534 934 30.
587 856 912 934 Profecto
995 859 1052 931 si
1133 861 1512 933 historiam
1595 872 1990 935 vestrarum
2076 858 2431 953 regionum

303 992 538 1055 mente
599 983 966 1076 repetatiS,
1025 984 1354 1074 exempla
1411 982 1616 1054 vobis
1671 988 2043 1059 occurrent
2080 975 2434 1053 Romano-

305 1122 456 1173 rum
532 1098 957 1176 Pontificum
1035 1102 1162 1175 hac
1215 1104 1566 1175 utentium
1620 1112 2010 1195 potestate,
2066 1123 2221 1173 cum
2278 1103 2431 1175 eius

315 1223 740 1305 exercitium
797 1225 1265 1297 necessarium
1309 1225 1801 1297 existimarunt
1856 1222 1945 1295 ad
1996 1221 2437 1295 incolumita-

311 1356 450 1418 tem
489 1346 950 1417 eeclesiarum
987 1339 1475 1417 Orientalium.
1527 1340 1791 1416 Idcirco
1830 1338 2183 1438 Agapetus
2220 1338 2427 1415 Rom.

302 1459 634 1542 Pontifex
669 1463 1080 1537 Anthimum
1117 1464 1538 1539 auctoritate
1587 1486 1719 1540 sua
1766 1488 1807 1539 a
1843 1461 2439 1556 Constantinopo-

304 1584 521 1659 litana
577 1586 740 1658 scde
796 1585 1264 1673 deturbavit3
1325 1588 1530 1679 eique
1583 1580 1909 1659 Mennam
1976 1585 2233 1679 absque
2288 1583 2435 1659 ulla

305 1705 572 1800 synodo
627 1706 930 1780 suffecit.
998 1702 1092 1778 Et
1145 1700 1494 1779 Martinus
1543 1703 1574 1777 1
1630 1706 2143 1799 praedecessor,
2182 1700 2435 1792 Noster

303 1822 549 1900 Ioanni
609 1822 958 1921 Episcopo
1024 1823 1562 1919 Philadelphiae
1622 1827 1853 1901 vicem
1908 1844 2107 1902 suam
2162 1822 2441 1911 commi-

305 1946 399 2017 sit
463 1949 536 2019 in
603 1944 912 2024 Orientis
978 1948 1304 2042 partibus
1372 1942 1476 2046 (2)
1509 1996 1534 2033 ,
1613 1960 1819 2041 atque
1893 1968 1983 2019 ex
2046 1941 2439 2044 apostoliea

301 2066 751 2156 auctoritate,
809 2070 968 2163 ipse
1025 2071 1160 2152 ait,
1201 2091 1384 2168 quae
1437 2065 1608 2141 data
1664 2083 1769 2141 est
1818 2065 2017 2147 nohis
2051 2089 2093 2139 a
2132 2064 2439 2141 Domino

295 2210 434 2287 per
471 2184 770 2262 Petrum
803 2189 1330 2264 sanctissimum
1367 2202 1436 2263 et
1474 2189 1881 2288 principem
1917 2184 2433 2286 Apostolorum,

299 2313 664 2403 praecepit
723 2320 1108 2385 memorato
1167 2306 1550 2405 Episcopo,
1617 2323 1698 2385 ut
1760 2313 2237 2389 constitueret
2306 2328 2437 2403 per

309 2450 594 2503 omnem
647 2432 1014 2505 civitatem
1069 2454 1340 2519 earum,
1397 2454 1576 2525 quae
1633 2433 1783 2504 sedi
1844 2442 1991 2509 tum
2028 2426 2442 2523 Hierosoly.-

303 2550 612 2625 mitanae
651 2561 804 2625 tum
838 2549 1328 2628 Antiochense
1367 2555 1698 2640 subsunt,
1748 2547 2143 2656 Episcopos
2163 2562 2243 2628 et
2280 2572 2437 2646 pre-

303 2671 630 2766 sbyteros
683 2685 758 2748 et
811 2675 1168 2749 diaconos.
1225 2671 1322 2747 Et
1385 2677 1456 2748 si
1511 2673 1600 2747 ad
1666 2676 2061 2754 recentiora
2118 2685 2439 2766 tempora

303 2791 678 2866 decurrere
731 2793 1005 2888 placeat
1027 2846 1048 2883 ,
1105 2791 1546 2870 Mardensem
1597 2790 2097 2892 Armeniorum
2150 2789 2441 2895 Episco-

303 2934 471 3006 pum
523 2915 732 2989 huius
769 2911 1222 3007 Apostolicae
1261 2913 1464 2990 Sedis
1523 2915 1954 2998 auctoritate
2010 2917 2313 3002 electum
2366 2926 2443 2988 et

305 3047 810 3110 consecratum
867 3037 1168 3110 noscetis
1190 3059 1218 3124 ;
1269 3059 1482 3131 quam
1535 3037 1821 3108 demum
1874 3055 2115 3120 curam
2152 3032 2439 3130 Ciliciae

300 3149 726 3230 Patriarehis
775 3158 1357 3250 praedecessores
1391 3151 1649 3232 Nostri
1704 3166 2233 3242 concesserunt,
2292 3151 2441 3248 Ma-

301 3277 738 3369 sopotamiae
799 3279 1109 3372 regionis
1159 3275 1760 3354 administratione
1792 3277 1885 3350 ad
1920 3275 2443 3368 beneplacitum

303 3391 378 3468 S.
439 3392 640 3470 Sedis
695 3400 954 3471 iisdem
1015 3399 1388 3474 attributa.
1430 3393 1556 3494 ‚Et
1599 3396 1811 3471 ..haec
1872 3397 2155 3491 quidem
2210 3397 2445 3492 omnia

303 3528 788 3592 consentanea
843 3521 1132 3593 omnino
1187 3529 1360 3592 sunt
1385 3609 1392 3616 ἱ
1415 3537 1777 3612 supremae
1834 3512 2181 3590 Romanae
2236 3512 2441 3609 Sedis

298 3641 692 3732 potestati3
776 3663 990 3734 quam
1053 3638 1556 3716 Armeniorum
1609 3635 1955 3724 Ecclesia,
1980 3639 2073 3728 ,si
2098 3640 2445 3720 ,luctuosa

303 3759 696 3832 schismatis
728 3772 1050 3854 tempora
1074 3761 1554 3855 excipiantur,
1589 3760 1887 3850 agnovit
1916 3777 2217 3852 semper,
2240 3779 2445 3852 prae·-

299 3881 598 3968 dieavit,
653 3896 726 3958 et
779 3884 1096 3956 reverita
1147 3894 1282 3956 est.
1341 3879 1588 3979 Neque
1643 3883 1937 3966 mirum,
1992 3879 2445 3981 quandoqui-

467 4101 550 4185 (1)
595 4101 822 4188 Steph.
855 4102 1094 4170 Lat-iss.
1131 4102 1543 4190 Episcopus·
1526 4125 1592 4171 m
1612 4103 1848 4171 Libell.
1879 4104 2079 4169 oblat.
2115 4082 2325 4168 Bonis.
2356 4099 2443 4184 11,

314 4204 383 4264 et
419 4195 610 4262 Rom.
656 4197 808 4282 Syn.
851 4219 956 4263 an.
1001 4197 1140 4264 531.

446 4292 548 4376 (2)
591 4291 800 4378 Epist.
846 4295 927 4359 ad
981 4293 1160 4360 loan.
1201 4294 1611 4381 Philadelph
1641 4293 1859 4370 Lahbo
1884 4294 2157 4392 collect.
2161 4281 2437 4378 Concil

314 4389 416 4460 ed.
459 4387 692 4457 Venet.
749 4389 940 4461 Tom
983 4389 1456 4460 v11.001.22.
