3292 5275
853 482 1003 563 1¹8
1123 522 1128 527 ·

849 626 1054 697 licam
1107 623 1312 695 fidem
1351 623 1892 695 couversionem.
1928 624 2147 694 veluti
2198 620 2743 709 confirmarent3
2778 623 2983 716 quod

836 755 910 817 et
961 745 1030 815 in
1085 746 1434 816 electione
1489 739 1877 815 Abrahami
1940 739 2142 813 Petri
2198 738 2227 811 1
2280 742 2531 815 factum
2583 753 2719 814 εει.

941 855 1069 936 29.
1127 860 1328 952 Quod
1385 884 1554 935 vero
1611 859 2067 956 Apostolicae
2125 864 2283 933 huie
2360 859 2527 935 Sedi
2582 862 2981 937 asserueri-

839 1006 1010 1061 mus,
1051 988 1164 1057 ius
1219 997 1290 1055 et
1343 993 1757 1076 potestatem
1832 984 2139 1075 eligendi
2206 979 2629 1075 Episcopum
2660 992 2667 999 '
2698 987 2767 1056 in
2826 997 2981 1057 ter-

836 1106 1030 1179 naria
1079 1103 1556 1199 propositione
1631 1106 1747 1177 vel
1824 1116 2020 1177 extra
2102 1126 2320 1193 eam3
2376 1116 2588 1198 atque
2664 1108 2975 1179 electum

835 1224 1313 1301 Patriarcham
1389 1224 1864 1299 inthronizari
1943 1229 2379 1301 vetuerimus
2456 1225 2591 1297 nisi
2664 1238 2875 1300 antea
2928 1250 2973 1300 a

836 1344 1038 1450 Rom.
1094 1343 1430 1421 Pontifice
1485 1348 2007 1431 confirmatum,
2044 1348 2221 1421 illud
2258 1348 2593 1442 estquod
2648 1349 2973 1422 nonnulli

835 1472 1152 1556 acerbius
1203 1474 1488 1556 ferunt,
1545 1492 1632 1543 ae
1708 1473 2247 1560 lamentantur3
2326 1484 2399 1543 et
2452 1468 2663 1545 Nobis
2722 1464 2978 1543 Eccle-

838 1594 1106 1667 siarum
1159 1612 1445 1666 suarum
1505 1591 2055 1667 consuetudines
2108 1604 2181 1663 et
2234 1612 2541 1665 canones
2597 1604 2975 1686 oggerum,

839 1714 1043 1807 quasi
1100 1735 1141 1785 a
1197 1716 1521 1787 custodia
1607 1734 1965 1789 sacrorum
2032 1734 2375 1785 canonum
2430 1715 2969 1788 recesserimus

837 1829 1112 1924 Quibus
1169 1832 1448 1930 quidem
1515 1834 1763 1928 reponi
1823 1847 2064 1929 posset
2118 1835 2290 1909 illud
2328 1830 2408 1905 S.
2449 1830 2713 1907 Gelasii
2766 1858 2983 1929 prae-

837 1956 1226 2031 decessoris
1263 1952 1522 2043 Nostri,
1569 1948 1677 2054 (1)
1716 1958 1835 2049 qui
1876 1958 2175 2029 similem
2212 1956 2627 2029 calumniam
2666 1957 2753 2028 ab
2792 1954 2983 2031 Aea-

836 2078 1060 2151 cianis
1117 2076 1592 2150 schismaticis·
1637 2098 1886 2171 passus
1944 2098 1980 2145 α
2016 2072 2255 2162 Nobis,
2312 2076 2565 2163 aiebat,
2604 2086 2983 2170 opponunt

845 2220 881 2269 a
945 2218 1248 2271 canones
1280 2247 1302 2284 ‚
1363 2200 1522 2270 dum
1587 2200 1913 2272 nesciunt
1999 2199 2179 2291 quid
2242 2197 2663 2293 loquantur:
2721 2209 2979 2272 contra

845 2343 884 2389 »
944 2342 1122 2414 quos
1175 2322 1311 2393 hoc
1363 2321 1513 2414 ipso
1567 2322 1819 2393 venire
1888 2342 1965 2392 se
2040 2321 2341 2411 produnt
2370 2367 2392 2404 ‚
2452 2321 2639 2413 quod
2702 2322 2977 2413 primae

847 2462 884 2511 ι
947 2436 1112 2513 Sedi
1169 2460 1338 2513 sana
1399 2454 1748 2535 rectaque·
1793 2440 2120 2514 suadenti
2178 2462 2425 2533 parere
2488 2442 2876 2533 refugiunt.
2902 2460 2967 2509 ἰο

839 2556 983 2656 Ipsi
1039 2559 1224 2634 enim
1279 2571 1449 2636 sunt
1501 2580 1850 2660 canones,
1906 2564 2027 2656 qui
2096 2562 2571 2637 omnimodam
2626 2557 2713 2633 B.
2770 2558 2973 2635 Petri

841 2681 1150 2757 divinam
1203 2685 1697 2756 auctoritatem
1748 2685 1821 2756 in
1858 2687 2269 2759 universam
2326 2685 2697 2757 ecclesiam
2754 2705 2981 2779 agno—

824 2815 1098 2894 ,scunt3
1151 2825 1485 2900 eumque,
1539 2817 1622 2877 ut
1674 2805 1746 2876 in
1800 2801 2151 2898 Ephesina
2206 2799 2487 2897 Synodo
2536 2797 2641 2902 (2)
2698 2805 2975 2881 dietum

840 2935 952 2998 est
981 2973 1006 3010 ‚
1065 2925 1153 2998 ad
1209 2925 1340 2999 hoc
1401 2941 1628 3021 usque
1685 2935 1957 3021 tempus
2012 2935 2087 2998 et
2140 2943 2415 3018 semper
2469 2926 2543 2996 in
2608 2925 2755 2997 suis
2810 2903 2983 3001 suc-

841 3047 1242 3121 cessoribus
1304 3045 1545 3122 vivere
1601 3057 1675 3120 et
1730 3045 2064 3121 iudicium
2146 3064 2481 3119 exercere
2534 3046 2975 3141 praedicant.

841 3161 1093 3243 Merito
1149 3169 1438 3263 proinde
1495 3164 1901 3261 Stephanus
1980 3163 2373 3260 Episcopus
2427 3163 2753 3242 Larissae
2808 3167 2921 3241 his
2950 3219 2974 3256 ‚

843 3291 966 3384 qui
1021 3289 1436 3384 reputabant
1471 3290 1560 3363 de
1597 3287 1997 3384 privilegiis
2032 3283 2505 3363 Ecclesiarum
2552 3291 2787 3384 regiae
2844 3311 2981 3362 ur-

840 3410 952 3484 bis
987 3407 1809 3504 Constantinopolitanae
1867 3411 2139 3504 aliquid
2176 3411 2395 3483 minui
2439 3431 2565 3502 per
2604 3410 2981 3484 interven-

847 3531 1117 3606 tionem
1171 3527 1468 3605 Romani
1549 3525 1915 3606 Pontificis
1946 3579 1969 3618 ‚
2036 3531 2463 3604 confidenter
2544 3533 2979 3625 respondere

843 3653 1132 3750 potuit=
1195 3677 1230 3725 tt
1273 3649 1681 3728 Auctoritas
1720 3649 1921 3726 Sedis
1963 3651 2445 3745 Apostolicae‚
2504 3673 2685 3748 quae
2740 3675 2785 3726 a
2823 3649 2981 3728 Deo

849 3797 886 3846 ι)
949 3785 1023 3849 et
1059 3770 1428 3852 Salvatore
1481 3787 1721 3849 nostro
1758 3794 2036 3846 summo
2075 3769 2580 3867 Apostolorum
2631 3775 2793 3846 data
2836 3784 2977 3862 est,

849 3917 886 3967 n
949 3897 1282 3973 omnibus
1337 3907 1746 3971 sanctarum
1806 3895 2260 3970 ecclesiarum
2323 3895 2719 3989 privilegiis
2772 3906 2985 3968 ante-

899 4283 904 4290 ·
1002 4193 1084 4289 (1)
1127 4195 1200 4266 In
1241 4194 1620 4268 Commonit.
1666 4193 1747 4264 ad
1788 4191 2102 4262 Faustum
2168 4214 2232 4263 n.
2290 4192 2352 4266 5.

919 4306 926 4318 ’
1003 4294 1086 4382 (2)
1128 4293 1480 4363 Oecumen.
1541 4293 1691 4380 Syn.
1724 4289 2027 4376 Ephesin.
2070 4289 2218 4358 Act.
2260 4290 2325 4360 3.
