3292 5275
881 478 1032 563 116

875 624 1102 697 stolici
1158 622 1528 695 ministerii
1579 624 1835 706 officio,
1878 622 2089 694 alium
2142 623 2313 695 licet
2366 642 2513 695 non
2566 622 2997 717 propositum

873 742 1127 833 eligere
1179 752 1256 815 et
1307 744 1592 815 vacanti
1650 738 2001 815 Ecclesiae
2057 742 2463 835 praeficere.

975 854 1102 935 26.
1159 858 1353 946 Haec
1399 882 1603 947 vero,
1641 862 1973 935 si·animo
2010 884 2049 935 a
2086 864 2394 955 partium
2450 862 2711 936 studiis
2765 864 2995 938 alieno

869 983 1391 1076 expendantur,
1432 984 1669 1055 omnia
1725 984 1927 1055 iuxta
1976 1002 2320 1057 canonum
2350 982 2557 1055 fldem
2584 984 2998 1055 catholicam

866 1105 1138 1177 sancita
1177 1104 1394 1177 fuisse
1427 1102 2067 1195 deprehendentur.
2125 1097 2333 1190 Quod
2380 1104 2689 1197 pertinet
2727 1104 2819 1175 ad
2872 1124 2995 1175 exa

871 1225 1262 1299 elusionem
1315 1227 1657 1297 laicorum
1714 1225 1799 1296 ab
1854 1224 2205 1315 eligendis
2282 1220 2645 1297 sacrorum
2700 1220 2996 1297 Antisti-

871 1348 1062 1421 tibus
1084 1388 1116 1432 ·,
1175 1343 1503 1419 accurate
1545 1342 2131 1437 distinguendum
2187 1356 2296 1417 est
2324 1394 2345 1431 ,
2379 1364 2495 1417 -ne
2546 1346 2717 1439 quid
2770 1368 2819 1417 a
2872 1366 2995 1416 ca·-

751 1454 756 1462 ’
871 1470 1126 1541 tholica
1177 1468 1314 1541 fide
1371 1469 1675 1541 alienum
1732 1468 2069 1540 efferatur
2094 1518 2117 1555 ,
2174 1465 2281 1541 ius
2336 1467 2637 1557 eligendi
2692 1460 2995 1559 Episco-

869 1610 996 1681 pos
1028 1639 1049 1675 ,
1104 1608 1146 1660 a
1197 1588 1527 1663 facultate
1583 1588 1967 1661 testimonii
2021 1580 2285 1661 ferendi
2340 1586 2575 1680 quoad
2630 1587 2992 1677 eligendo·

731 1716 736 1721 ’
871 1734 1028 1785 rum
1110 1711 1333 1783 vitam
1389 1722 1464 1783 et
1516 1732 1772 1783 mores.
1849 1703 2168 1781 Primum
2249 1702 2534 1801 quidem
2610 1710 2700 1779 ad
2774 1708 2992 1782 falsas

871 1834 1240 1925 opiniones
1297 1834 1749 1905 referendum
1805 1840 1992 1902 esset
2048 1826 2339 1900 Lutheri
2396 1838 2468 1899 et
2520 1824 2829 1912 Calvini,
2866 1832 2994 1922 qui

871 1956 1083 2027 etiam
1143 1950 1548 2026 asserebant
1599 1954 1780 2024 iuris
1834 1972 1988 2023 esse
2042 1950 2301 2032 divini,
2362 1959 2441 2020 ut
2478 1944 2811 2039 Episcopi
2866 1949 2999 2020 eli-

870 2070 1206 2169 gerentur
1259 2096 1301 2146 a
1339 2052 1663 2167 populo:
1722 2086 1795 2144 et
1846 2074 2092 2145 falsam
2135 2070 2537 2143 huiusmodi
2590 2069 2993 2141 doctrinam

871 2195 1316 2299 acatholica
1353 2190 1674 2268 Ecclesia
1729 2193 2197 2285 improbatam
2252 2189 2467 2262 fuisse
2520 2199 2593 2260 et
2644 2187 2997 2281 improba-

775 2356 786 2367 ·
871 2316 932 2387 'ri
989 2336 1232 2415 omnes
1287 2301 1641 2389 noverunt
1674 2292 1945 2385 {nulla
1996 2313 2189 2383 enim
2273 2332 2503 2404 neque
2568 2308 2807 2382 divino
2872 2332 2997 2383 ne·

870 2455 1032 2528 que·
1065 2432 1539 2510 ecclesiastico
1623 2438 1779 2507 iure
1834 2435 2019 2505 sacta
2104 2450 2431 2522 umquam
2512 2429 2649 2501 fuit
2732 2434 2995 2521 populo

859 2552 1254 2664 Episcopos
1309 2559 1429 2631 vel
1485 2544 1664 2631 alios
1722 2576 2079 2629 sacrorum
2157 2550 2606 2625 administros
2680 2551 2996 2642 eligendi

869 2689 1206 2772 potestas.

947 2773 1102 2870 ’971
1162 2795 1273 2871 Ad
1330 2775 1809 2872 testimonium
1865 2799 2089 2891 plebis
2126 2793 2315 2891 quod
2371 2803 2643 2886 spectat
2694 2793 2783 2866 de
2838 2779 2999 2867 vita

857 2929 958 2990 et
989 2919 1299 2995 moribus
1363 2939 1611 2994 eorum
1688 2921 1835 3014 qui
1880 2919 1965 2991 ad
2024 2919 2502 3011 episcopatum
2556 2915 2997 3006 provehendi

856 3037 1056 3125 sunt,
1123 3055 1562 3158 «postquam
1619 3034 1733 3143 (1)
1808 3062 1936 3133 per
1992 3041 2141 3114 vim
2195 3032 2618 3109 Arianorum
2652 3081 2675 3119 ,
2734 3035 2997 3129 quibus

863 3158 1251 3254 imperator
1309 3159 1589 3236 favehat-
1625 3158 2168 3243 Constantinus,
2226 3157 2576 3230 exturbari
2612 3175 2653 3226 a
2690 3156 2843 3228 suis
2880 3177 3001 3228 se-

862 3280 1072 3388 dibus
1127 3295 1513 3377 caeperunt
1567 3283 1907 3356 catholici
1962 3276 2324 3386 Praesules
2360 3281 2431 3351 in
2468 3297 2729 3370 easque
2784 3274 2999 3350 sedes

866 3404 1152 3474 immitti
1237 3403 1507 3476 illorum
1579 3403 1952 3484 asseclae,
2013 3409 2092 3473 ut
2156 3397 2231 3471 S.
2289 3394 2707 3471 Athanasius
2766 3391 2991 3495 (nist.

869 3517 1122 3594 Arion.
1183 3521 1280 3594 ad
1318 3510 1640 3596 Mo'nach.
1701 3547 1773 3595 n.
1800 3515 1923 3621 ab)
1980 3503 2322 3615 deplorat,
2382 3522 2537 3612 ipsa
2592 3531 2995 3612 temporum

849 3641 1100 3746 ‘coegit
1143 3643 1524 3716 necessitas
1563 3652 1643 3716 ut
1682 3647 1754 3714 in
1790 3637 2299 3738 Episcoporum
2338 3639 2799 3712 electionibus
2836 3661 2999 3732 po·

847 3763 1090 3866 'pulus2
1123 3764 1425 3847 adesset,
1457 3761 1644 3836 unde
1672 3763 2166 3836 incenderetur
2220 3762 2308 3833 ad
2364 3761 2705 3834 tuendum
2744 3762 2812 3830 in
2864 3781 2995 3832 sua

851 3878 1040 3954 ‘sede
1105 3879 1611 3978 Episcopum,
1696 3903 1907 3978 quem
1961 3903 2219 3954 coram
2302 3901 2378 3953 se
2450 3883 2747 3955 electum
2828 3899 2995 3952 esse

845 4005 1212 4075 'novissetz
1243 4025 1296 4109 ζ»
1389 4001 1484 4078 Et
1535 4004 1815 4099 'quidem
1868 4023 2012 4075 mos
2065 4003 2201 4076 iste
2256 4000 2659 4097 aliquandiu
2712 3997 2787 4072 in
2840 3996 2999 4074 Ee-

1031 4299 1122 4384 (1)
1165 4301 1320 4368 Pius
1347 4301 1460 4366 vl.
1513 4303 1740 4387 Apost.
1770 4304 1899 4369 litt.
1940 4311 2147 4370 contr.
2177 4305 2435 4370 civilem
2474 4303 2633 4367 cleri
2676 4301 2996 4365 constitu-

852 4395 1091 4461 tionem
1129 4393 1228 4504 10.
1283 4395 1481 4464 Mart.
1517 4395 1700 4466 1791.
1974 4419 1985 4432 ·
2384 4427 2394 4434 ·
