3292 5275
2280 433 2443 534 243

332 603 520 664 tatus
561 593 694 666 sub
729 591 1010 664 nomine
1037 587 1460 676 Provisoris,
1490 583 1752 663 Vicarii
1784 587 2179 678 Generalis,
2214 594 2443 667 aliove

327 715 606 786 nomine
662 713 1032 804 gerendam
1090 713 1387 804 suscipit
1442 721 1606 783 ante
1662 710 2159 785 exhibitionem
2210 709 2447 786 Litte-

328 853 566 904 rarum
619 829 1182 925 Apostolicarum
1215 879 1238 916 ‚
1296 833 1404 904 uti
1461 833 1781 924 superius
1839 833 2297 920 dictumest,
2357 835 2444 907 de

325 973 522 1025 more
579 953 991 1036 faciendam,
1032 965 1300 1025 remoto
1357 953 1651 1044 proinde
1689 949 1971 1026 Vicat-io
2023 949 2443 1044 Capitulari,

327 1075 444 1166 qui
502 1095 586 1144 ex
620 1072 791 1144 iuris
829 1073 1291 1165 dispositione
1331 1083 1484 1144 toto
1521 1082 1833 1165 tempore
1874 1071 2269 1145 vacationis
2304 1070 2446 1146 Ec-

325 1194 583 1264 clesiae
639 1215 793 1265 eam
851 1194 1368 1276 administrare,
1429 1215 1510 1263 ac
1575 1213 1821 1283 regere
1884 1192 2111 1264 debet.
2170 1188 2445 1266 Confir-

325 1323 596 1386 mantes
654 1325 887 1386 autem
945 1315 1078 1385 alia
1135 1313 1341 1385 etiam
1399 1309 1861 1386 Decessorum
1900 1309 2333 1399 Nostrorum,
2370 1324 2444 1387 et

329 1433 738 1527 praesertim
777 1455 880 1505 sa.
915 1455 1119 1504 mem.
1151 1429 1263 1506 Pii
1301 1429 1426 1503 Vll
1465 1429 1763 1506 Decreta
1800 1447 1872 1504 et
1908 1433 2445 1527 dispositiones,

327 1557 757 1626 declaramus
813 1565 885 1626 et
939 1556 1412 1637 decernimuS‚
1443 1565 1526 1626 ut
1559 1556 1618 1624 si
1661 1555 1931 1626 interea
1960 1550 2273 1628 Vicarius
2300 1551 2445 1626 Cass-

327 1677 654 1768 pitularis
706 1675 1118 1758 decesserit,
1179 1686 1301 1745 aut
1357 1687 1606 1766 sponte
1664 1695 1787 1746 sua
1840 1676 2119 1747 muneri
2190 1697 2445 1748 renun-

325 1796 639 1882 tiaverit,
697 1807 810 1866 aut
865 1817 950 1866 ex
1009 1797 1148 1867 alia
1204 1817 1422 1866 eausa
1483 1794 1779 1865 officium
1836 1797 2069 1887 ipsum
2136 1797 2445 1889 legitime

326 1921 718 2001 vacaverit,
777 1931 941 1990 tunc
997 1915 1426 2010 Capitulum,
1487 1917 1594 1986 vel
1653 1912 1985 2008 Capitulo
2038 1919 2439 2004 deficiente,

324 2038 448 2134 qui
503 2051 920 2131 potestatem
985 2039 1194 2109 habet
1254 2037 1636 2129 deputandi
1713 2041 2035 2109 vacantis
2088 2035 2443 2113 Ecclesiae

327 2156 1015 2245 Administratorem,
1073 2181 1196 2232 seu
1251 2155 1635 2243 vicarium,
1691 2161 1953 2230 novum
2008 2160 2283 2253 quidem
2312 2156 2444 2231 Vi·-

325 2280 620 2366 carium,
677 2282 793 2354 vel
847 2278 1501 2352 Administratorem
1559 2279 1799 2369 eligat,
1851 2301 2213 2372 nunquam
2266 2279 2444 2357 vero

321 2401 628 2472 electum
685 2400 758 2470 in
816 2397 1241 2493 Episcopum
1298 2421 1338 2470 a
1389 2392 1763 2490 Capitulis,
1818 2411 1943 2470 aut
1996 2422 2033 2471 a
2088 2402 2269 2474 laica
2321 2410 2445 2495 po·-

325 2530 589 2592 testate
647 2522 1086 2593 nominatum
1141 2542 1264 2593 seu
1322 2531 1843 2611 praesentatum
1897 2519 1983 2592 ad
2022 2519 2277 2594 dictam
2310 2520 2447 2597 Ec·-

325 2640 608 2713 clesiam
663 2654 1037 2715 vacantem
1075 2689 1095 2726 ,
1155 2644 1355 2715 cuius
1419 2642 1842 2712 electionem
1885 2664 1984 2713 .ac
2040 2644 2443 2737 deputatio·-

323 2782 512 2847 nem,
569 2762 624 2834 si
678 2784 830 2835 eam
885 2760 1320 2855 Capitulum,
1376 2762 1492 2834 vel
1548 2761 1755 2847 alius,
1810 2762 1915 2833 uti
1980 2785 2221 2855 supra,
2281 2756 2442 2860 per-

321 2903 527 2975 agere
565 2882 1102 2976 praesumpserit
1137 2904 1517 2967 cassamuS,
1549 2885 2021 2969 annullamus,
2052 2896 2124 2957 et
2153 2887 2448 2958 omnino

325 3004 594 3075 irritam
649 3006 1108 3078 declaramus.

535 3120 960 3199 Confidimus
1015 3138 1246 3197 autem
1299 3120 1720 3214 DignitateS,
1758 3132 1831 3194 et
1866 3118 2265 3199 Canonieos
2304 3123 2443 3199 Ca-

324 3246 742 3319 thedralium
795 3244 1269 3320 Ecclesiarum
1323 3248 1761 3330 vacantium,
1792 3266 1873 3317 ac
1930 3245 2085 3319 illos
2140 3246 2294 3340 qui,
2324 3246 2449 3319 de..

319 3364 720 3440 sicientibus
773 3363 1152 3459 Capitulis,
1210 3362 1525 3439 Vicat-ios
1583 3365 1958 3458 deputant,
2008 3379 2127 3439 aut
2182 3374 2449 3441 vacan-

324 3496 430 3559 tes
465 3484 819 3579 Ecclesias
873 3488 1176 3578 legitime
1217 3488 1737 3573 administrant,
1783 3490 1991 3581 plene
2048 3500 2445 3583 exequutu-

321 3630 440 3679 ros
495 3631 674 3703 quae
731 3610 924 3681 hisce
981 3604 1248 3680 Nostris
1295 3606 1579 3681 Litteris
1627 3610 1979 3681 declarata
2031 3622 2102 3682 et
2159 3609 2441 3687 decreta

320 3743 544 3819 sunt3
617 3730 742 3805 ubi
813 3751 986 3805 vero
1021 3776 1042 3812 ,
1116 3732 1302 3823 quod
1371 3726 1556 3803 Deus
1632 3742 1966 3817 avertat,
2022 3752 2109 3804 ea
2180 3732 2439 3825 exequi

321 3851 904 3934 detrectaverint,
945 3872 1024 3922 ac
1079 3850 1462 3923 concedere
1520 3861 1594 3923 et
1645 3850 2021 3925 transferre
2080 3853 2151 3923 in
2207 3849 2443 3924 nomi·
2490 3897 2497 3905 -

321 3984 572 4045 natum
623 3971 710 4042 ad
767 3972 1076 4044 eamdem
1129 3966 1524 4043 Ecclesiam
1577 3972 1729 4045 eius
1794 3991 2063 4055 curam,
2120 3973 2447 4063 regimen

321 4105 396 4167 et
449 4092 1124 4165 administrationem
1165 4094 1292 4165 sub
1333 4095 1586 4185 quovis
1625 4094 1864 4178 titulo,
1894 4092 2195 4180 nomine,
2224 4104 2445 4185 quae-

321 4215 460 4287 sito
514 4215 748 4286 colore
801 4214 954 4286 ausi
1009 4214 1298 4298 fuerint,
1357 4224 1638 4305 practer
1695 4214 2087 4285 nullitatcm
2144 4214 2283 4285 iam
2320 4213 2445 4287 de-

319 4345 580 4406 cretam
614 4332 1014 4424 praedictae
1053 4334 1527 4408 concessionis
1565 4342 1636 4405 et
1676 4332 2196 4419 translationis,
2226 4344 2447 4425 prae-'

1868 4456 2013 4539 16*
