3292 5275
770 511 929 593 370

768 666 839 726 et
894 654 1254 727 subtracto
1286 661 1348 724 'a
1403 651 1896 725 iurisdictione
1949 647 2288 745 Episcopi
2345 647 2718 733 Niciensis,
2777 654 2891 724 in·

766 773 1094 846 stituatur
1148 772 1323 845 inihi
1381 768 1682 844 Abbatia
1735 767 2009 846 Nullius
2065 792 2226 843 curn
2279 771 2636 845 territorio
2691 793 2893 866 sepa-

768 905 917 966 rato
972 905 1046 966 et
1102 889 1543 986 Apostolicae
1600 888 1909 966 Sanctae
1967 888 2132 965 Sedi
2207 890 2597 965 immediate
2653 893 2894 966 subie-

768 1025 887 1088 cta
941 1015 1183 1088 favore
1238 1009 1741 1088 Monachorum
1793 1007 2080 1086 Ordinis
2143 1009 2222 1086 S.
2280 1008 2648 1088 Benedicti
2701 1009 2894 1088 Con-

769 1134 1193 1228 gregationis
1230 1131 1657 1210 Cassinensis
1697 1135 2098 1227 primaevae
2137 1128 2682 1217 observantiae,
2737 1134 2894 1227 qni-

770 1255 903 1332 bus
986 1255 1371 1348 spiritualis
1452 1255 1732 1329 illorum
1817 1253 2400 1330 Christifldelium
2489 1254 2892 1348 procuratio

772 1378 1061 1450 omnino
1114 1376 1609 1458 demandetur.

980 1493 1078 1570 Et
1134 1517 1379 1570 revera
1434 1493 1850 1570 Monoecum
1917 1518 2080 1570 cum
2136 1497 2474 1572 universo
2525 1491 2892 1591 Principa-

777 1630 885 1691 tus
943 1617 1299 1691 territorio
1335 1617 1595 1690 incolas
1650 1619 2018 1711 utriusque
2077 1638 2288 1691 sexus
2341 1619 2710 1712 plusquam
2766 1639 2890 1690 sex

770 1739 955 1811 mille
1010 1751 1433 1813 enumerate
1492 1733 1842 1810 Ecclesias
1900 1739 2138 1830 plures
2193 1748 2469 1831 praeter
2523 1739 2892 1831 parochia-

771 1860 911 1934 lem
966 1854 1043 1932 S.
1086 1855 1388 1934 Nicolao
1444 1859 1746 1931 dicatam
1801 1871 2008 1953 atque
2065 1861 2360 1931 alteram
2419 1858 2891 1932 suburbanam

772 1973 1079 2054 Sanctae
1115 1975 1423 2053 Devotae
1458 1974 1907 2072 Principatus
1963 1974 2314 2054 Patronae
2371 1979 2599 2052 habet.
2655 1975 2896 2053 Xeno-

772 2100 1101 2174 dochium
1158 2103 1447 2194 insuper
1503 2112 1714 2194 atquc
1781 2093 2077 2174 Scholae
2135 2110 2459 2194 prostant
2513 2121 2640 2192 pro
2696 2112 2895 2175 utro-

768 2243 907 2316 que
962 2243 1161 2309 sexu,
1210 2242 1397 2315 quae
1434 2243 1473 2294 a
1513 2222 1858 2312 religiosis
1915 2221 2090 2294 viris
2143 2231 2218 2292 et
2271 2219 2690 2295 mulieribus
2743 2215 2892 2295 Deo

770 2343 1019 2422 dicatis
1055 2343 1535 2416 moderantur.
1574 2337 1812 2431 Quare
1850 2343 2144 2415 maxime
2185 2342 2483 2435 perutile
2523 2341 2661 2414 illis
2695 2338 2898 2415 Cbri·

776 2461 1195 2538 stifidelibus
1272 2462 1670 2538 huiusmodi
1725 2459 2066 2537 Abbatiae
2153 2463 2508 2537 institutio
2583 2465 2840 2538 evadet
2868 2514 2891 2551 ,

775 2595 929 2661 tum
984 2595 1266 2679 propter
1320 2582 1787 2660 accessionem
1843 2583 2380 2679 praeclarissimi
2421 2579 2700 2659 Ordinis
2755 2581 2900 2661 Re-

774 2708 1039 2798 gularis
1076 2701 1322 2778 Sancti
1359 2702 1720 2779 Benedicti
1774 2706 1861 2779 de
1921 2707 2291 2797 religione,
2351 2707 2436 2778 de
2495 2708 2896 2781 instructio-

776 2848 891 2909 ne,
932 2828 1157 2921 deque
1212 2828 1417 2899 bonis
1472 2828 1746 2901 artibus
1795 2846 2072 2921 semper
2107 2827 2578 2922 undequaque
2633 2827 2893 2915 meriti3

779 2961 933 3021 tum
988 2948 1203 3021 etiam
1258 2958 1543 3041 propter
1618 2943 1908 3020 Abbatis
1963 2942 2318 3021 Ordinarii
2383 2952 2892 3042 praesentiam,

776 3070 900 3165 qui
965 3068 1159 3141 illius
1216 3063 1678 3161 Principatus
1739 3072 2154 3162 pastoralem
2221 3069 2892 3146 administrationem

775 3190 1021 3264 sedulo
1076 3188 1594 3283 salubriterque
1650 3190 1722 3261 in
1777 3184 2074 3263 Domino
2130 3191 2441 3263 navabit.

985 3306 1193 3383 Hisce
1250 3309 1516 3407 itaque,
1574 3309 1869 3405 aliisque
1925 3309 2147 3402 magni
2201 3311 2525 3406 ponderis
2579 3332 2898 3386 momen-

778 3430 869 3503 tis
924 3442 1199 3506 mature
1254 3432 1647 3526 perpensiS,
1706 3426 2192 3506 sanctissimus
2246 3427 2590 3507 Dominus
2644 3428 2896 3507 Noster

778 3547 1111 3626 Summus
1158 3546 1486 3625 Pontifex
1541 3574 1626 3625 ex
1679 3564 1876 3625 certa
1935 3553 2258 3637 scientia,
2296 3565 2626 3649 motuque
2682 3555 2896 3629 veluti

778 3670 1061 3767 proprio
1116 3674 1203 3745 de
1258 3666 1445 3747 Suae
1511 3671 1880 3766 potestatis
1947 3671 2394 3767 Apostolicae
2459 3675 2894 3769 plenitudine

777 3792 1197 3887 propositam
1250 3789 1591 3867 Abbatiae
1665 3794 2142 3867 fundationem
2172 3842 2193 3880 ,
2251 3806 2459 3889 atque
2517 3795 2900 3870 institutio-

780 3932 935 3986 nem
991 3913 1371 4007 adprobare
1425 3914 1756 4006 dignatus
1811 3926 1950 4003 est3
2005 3926 2215 4010 atque
2273 3916 2362 3988 ad
2419 3914 2488 3987 id
2545 3918 2680 3987 rite
2733 3936 2902 4009 per·

780 4033 1149 4107 {iciendum
1216 4034 1395 4106 baec
1459 4034 1694 4107 omnia
1757 4056 1936 4129 quae
2009 4048 2396 4129 sequuntur
2470 4034 2538 4105 in
2593 4036 2900 4110 decretis

782 4154 1025 4231 referri
1082 4154 1469 4239 mandavit,
1509 4166 1583 4227 et
1620 4157 1712 4229 ab
1765 4154 2093 4229 omnibus
2151 4156 2514 4232 observari
2571 4156 2893 4230 sancivit.

986 4264 1069 4357 ,1.
1126 4268 1379 4350 Habito
1416 4296 1762 4353 consensu
1799 4272 1888 4350 R.
1929 4270 2013 4351 P.
2058 4270 2142 4351 D.
2185 4272 2455 4353 loannis
2501 4272 2698 4353 Petri
2737 4274 2898 4353 Sola
